<?xml version="1.0" encoding="UTF-8"?>
<!DOCTYPE html PUBLIC "-//W3C//DTD XHTML 1.0 Transitional//EN"
    "http://www.w3.org/TR/xhtml1/DTD/xhtml1-transitional.dtd">
<html xmlns="http://www.w3.org/1999/xhtml" xml:lang="en" lang="en">
 <head>
  <title>
</title>
<meta http-equiv="Content-Type" content="text/html;charset=utf-8" />
  <meta name='ocr-system' content='tesseract 3.04.00' />
  <meta name='ocr-capabilities' content='ocr_page ocr_carea ocr_par ocr_line ocrx_word'/>
</head>
<body>
  <div class='ocr_page' id='page_1' title='image "./mtulliiciceroni00lahmgoog_0029.png"; bbox 0 0 3028 4876; ppageno 0'>
   <div class='ocr_carea' id='block_1_1' title="bbox 546 303 1363 368">
    <p class='ocr_par' dir='ltr' id='par_1_1' title="bbox 546 303 1363 368">
     <span class='ocr_line' id='line_1_1' title="bbox 546 303 1363 368; baseline 0 -8"><span class='ocrx_word' id='word_1_1' title='bbox 546 304 642 361; x_wconf 73' lang='lat' dir='ltr'>CATO</span> <span class='ocrx_word' id='word_1_2' title='bbox 660 303 779 360; x_wconf 81' lang='lat' dir='ltr'>MAIOR</span> <span class='ocrx_word' id='word_1_3' title='bbox 796 304 844 368; x_wconf 88' lang='lat'>111,</span> <span class='ocrx_word' id='word_1_4' title='bbox 863 310 887 360; x_wconf 81' lang='grc'>’1.</span> <span class='ocrx_word' id='word_1_5' title='bbox 1258 304 1298 368; x_wconf 77' lang='grc'>17</span> <span class='ocrx_word' id='word_1_6' title='bbox 1362 355 1363 360; x_wconf 73' lang='grc'>,</span> 
     </span>
    </p>
   </div>
   <div class='ocr_carea' id='block_1_2' title="bbox 58 453 1334 1708">
    <p class='ocr_par' dir='ltr' id='par_1_2' title="bbox 218 453 1334 543">
     <span class='ocr_line' id='line_1_2' title="bbox 218 453 1334 543; baseline -0.002 -19"><span class='ocrx_word' id='word_1_7' title='bbox 218 457 279 524; x_wconf 89' lang='grc' dir='ltr'><strong>ΙΙΙ.</strong></span> <span class='ocrx_word' id='word_1_8' title='bbox 306 457 426 525; x_wconf 51' lang='lat' dir='ltr'>¹(iero.</span> <span class='ocrx_word' id='word_1_9' title='bbox 466 458 595 523; x_wconf 81' lang='lat' dir='ltr'><strong>Faciam</strong></span> <span class='ocrx_word' id='word_1_10' title='bbox 611 461 647 524; x_wconf 91' lang='lat' dir='ltr'>ut</span> <span class='ocrx_word' id='word_1_11' title='bbox 667 461 789 543; x_wconf 84' lang='lat' dir='ltr'>potere,</span> <span class='ocrx_word' id='word_1_12' title='bbox 805 457 905 522; x_wconf 86' lang='lat' dir='ltr'>Laeli.</span> <span class='ocrx_word' id='word_1_13' title='bbox 936 456 1037 541; x_wconf 81' lang='lat' dir='ltr'><strong>Saepe</strong></span> <span class='ocrx_word' id='word_1_14' title='bbox 1059 456 1143 521; x_wconf 88' lang='lat' dir='ltr'>enim</span> <span class='ocrx_word' id='word_1_15' title='bbox 1167 453 1334 522; x_wconf 69' lang='lat' dir='ltr'>interfuii</span> 
     </span>
    </p>

    <p class='ocr_par' dir='ltr' id='par_1_3' title="bbox 58 534 1300 1708">
     <span class='ocr_line' id='line_1_3' title="bbox 58 534 1299 630; baseline -0.007 -17"><span class='ocrx_word' id='word_1_16' title='bbox 58 605 61 613; x_wconf 51' lang='grc' dir='ltr'><strong><em>Β</em></strong></span> <span class='ocrx_word' id='word_1_17' title='bbox 130 542 272 630; x_wconf 78' lang='lat' dir='ltr'>querelis</span> <span class='ocrx_word' id='word_1_18' title='bbox 302 543 494 628; x_wconf 76' lang='lat' dir='ltr'>aequalium·</span> <span class='ocrx_word' id='word_1_19' title='bbox 510 564 652 610; x_wconf 89' lang='lat' dir='ltr'>meorum</span> <span class='ocrx_word' id='word_1_20' title='bbox 679 579 721 590; x_wconf 93' lang='lat'>-</span> <span class='ocrx_word' id='word_1_21' title='bbox 749 565 842 627; x_wconf 88' lang='lat' dir='ltr'>pares</span> <span class='ocrx_word' id='word_1_22' title='bbox 870 545 977 607; x_wconf 83' lang='lat' dir='ltr'>autem</span> <span class='ocrx_word' id='word_1_23' title='bbox 1002 534 1109 607; x_wconf 81' lang='lat' dir='ltr'>velere</span> <span class='ocrx_word' id='word_1_24' title='bbox 1130 540 1299 624; x_wconf 80' lang='lat' dir='ltr'>proverbio</span> 
     </span>
     <span class='ocr_line' id='line_1_4' title="bbox 131 625 1299 713; baseline -0.003 -19"><span class='ocrx_word' id='word_1_25' title='bbox 131 651 206 694; x_wconf 83' lang='lat' dir='ltr'>eum</span> <span class='ocrx_word' id='word_1_26' title='bbox 252 628 360 693; x_wconf 87' lang='lat' dir='ltr'>aribus</span> <span class='ocrx_word' id='word_1_27' title='bbox 382 628 534 692; x_wconf 85' lang='lat' dir='ltr'><strong>facillime</strong></span> <span class='ocrx_word' id='word_1_28' title='bbox 550 632 791 713; x_wconf 81' lang='lat' dir='ltr'>congregantur</span> <span class='ocrx_word' id='word_1_29' title='bbox 806 663 856 710; x_wconf 90' lang='lat'>—,</span> <span class='ocrx_word' id='word_1_30' title='bbox 880 648 961 711; x_wconf 88' lang='lat' dir='ltr'>quae</span> <span class='ocrx_word' id='word_1_31' title='bbox 976 625 1013 692; x_wconf 81' lang='lat' dir='ltr'>O.</span> <span class='ocrx_word' id='word_1_32' title='bbox 1026 625 1193 703; x_wconf 77' lang='lat' dir='ltr'>Salinator,</span> <span class='ocrx_word' id='word_1_33' title='bbox 1217 647 1299 710; x_wconf 86' lang='lat' dir='ltr'>quae</span> 
     </span>
     <span class='ocr_line' id='line_1_5' title="bbox 130 651 1299 804; baseline -0.004 -25"><span class='ocrx_word' id='word_1_34' title='bbox 130 715 189 798; x_wconf 81' lang='lat' dir='ltr'>Sp.</span> <span class='ocrx_word' id='word_1_35' title='bbox 201 651 357 796; x_wconf 78' lang='lat' dir='ltr'>Aibinos,</span> <span class='ocrx_word' id='word_1_36' title='bbox 374 712 517 777; x_wconf 86' lang='lat' dir='ltr'>homines</span> <span class='ocrx_word' id='word_1_37' title='bbox 537 713 733 791; x_wconf 83' lang='lat' dir='ltr'>consulares,</span> <span class='ocrx_word' id='word_1_38' title='bbox 750 712 852 777; x_wconf 88' lang='lat' dir='ltr'>nostri</span> <span class='ocrx_word' id='word_1_39' title='bbox 866 713 932 776; x_wconf 81' lang='lat' dir='ltr'>fere</span> <span class='ocrx_word' id='word_1_40' title='bbox 955 711 1117 796; x_wconf 83' lang='lat' dir='ltr'>aequales,</span> <span class='ocrx_word' id='word_1_41' title='bbox 1133 710 1299 804; x_wconf 81' lang='lat' dir='ltr'>deplorare</span> 
     </span>
     <span class='ocr_line' id='line_1_6' title="bbox 131 795 1299 882; baseline -0.003 -18"><span class='ocrx_word' id='word_1_42' title='bbox 131 797 296 870; x_wconf 82' lang='lat' dir='ltr'>solebant,</span> <span class='ocrx_word' id='word_1_43' title='bbox 326 801 394 862; x_wconf 89' lang='lat' dir='ltr'>tum</span> <span class='ocrx_word' id='word_1_44' title='bbox 422 796 507 882; x_wconf 90' lang='lat' dir='ltr'>quod</span> <span class='ocrx_word' id='word_1_45' title='bbox 535 796 753 881; x_wconf 84' lang='lat' dir='ltr'>voluptatibus</span> <span class='ocrx_word' id='word_1_46' title='bbox 782 801 941 879; x_wconf 71' lang='lat' dir='ltr'>carerent,</span> <span class='ocrx_word' id='word_1_47' title='bbox 972 797 1041 861; x_wconf 84' lang='lat' dir='ltr'>sine</span> <span class='ocrx_word' id='word_1_48' title='bbox 1063 795 1178 880; x_wconf 83' lang='lat' dir='ltr'>quihus</span> <span class='ocrx_word' id='word_1_49' title='bbox 1201 795 1299 860; x_wconf 82' lang='lat' dir='ltr'>vitam</span> 
     </span>
     <span class='ocr_line' id='line_1_7' title="bbox 133 879 1300 1030; baseline -0.004 -82"><span class='ocrx_word' id='word_1_50' title='bbox 133 882 257 948; x_wconf 86' lang='lat' dir='ltr'>nullam</span> <span class='ocrx_word' id='word_1_51' title='bbox 271 885 439 966; x_wconf 84' lang='lat' dir='ltr'>putarent,</span> <span class='ocrx_word' id='word_1_52' title='bbox 455 885 523 946; x_wconf 87' lang='lat' dir='ltr'>tum</span> <span class='ocrx_word' id='word_1_53' title='bbox 545 881 631 966; x_wconf 92' lang='lat' dir='ltr'>quod</span> <span class='ocrx_word' id='word_1_54' title='bbox 649 885 875 1030; x_wconf 58' lang='lat' dir='ltr'>eXernerentur</span> <span class='ocrx_word' id='word_1_55' title='bbox 889 881 929 945; x_wconf 88' lang='lat' dir='ltr'>ab</span> <span class='ocrx_word' id='word_1_56' title='bbox 945 881 1007 959; x_wconf 88' lang='lat' dir='ltr'>eie,</span> <span class='ocrx_word' id='word_1_57' title='bbox 1023 879 1170 964; x_wconf 81' lang='lat' dir='ltr'>aquibus</span> <span class='ocrx_word' id='word_1_58' title='bbox 1193 882 1300 944; x_wconf 83' lang='lat' dir='ltr'>essent</span> 
     </span>
     <span class='ocr_line' id='line_1_8' title="bbox 131 964 1300 1049; baseline -0.003 -17"><span class='ocrx_word' id='word_1_59' title='bbox 131 967 196 1032; x_wconf 90' lang='lat' dir='ltr'>eoli</span> <span class='ocrx_word' id='word_1_60' title='bbox 218 967 315 1031; x_wconf 81' lang='lat' dir='ltr'>soliti.</span> <span class='ocrx_word' id='word_1_61' title='bbox 360 965 419 1042; x_wconf 80' lang='lat' dir='ltr'>Qui</span> <span class='ocrx_word' id='word_1_62' title='bbox 450 965 530 1030; x_wconf 91' lang='lat' dir='ltr'>mihi</span> <span class='ocrx_word' id='word_1_63' title='bbox 556 967 655 1031; x_wconf 89' lang='lat' dir='ltr'>noni</span> <span class='ocrx_word' id='word_1_64' title='bbox 699 966 891 1031; x_wconf 86' lang='lat' dir='ltr'>videbantur</span> <span class='ocrx_word' id='word_1_65' title='bbox 912 987 1075 1046; x_wconf 79' lang='lat' dir='ltr'>accusare,</span> <span class='ocrx_word' id='word_1_66' title='bbox 1104 964 1188 1049; x_wconf 88' lang='lat' dir='ltr'>quod</span> <span class='ocrx_word' id='word_1_67' title='bbox 1216 967 1300 1029; x_wconf 86' lang='lat' dir='ltr'>esset</span> 
     </span>
     <span class='ocr_line' id='line_1_9' title="bbox 133 1048 1299 1135; baseline -0.002 -19"><span class='ocrx_word' id='word_1_68' title='bbox 133 1050 357 1116; x_wconf 79' lang='lat' dir='ltr'>accusandum.</span> <span class='ocrx_word' id='word_1_69' title='bbox 387 1049 472 1116; x_wconf 84' lang='lat' dir='ltr'>Nam</span> <span class='ocrx_word' id='word_1_70' title='bbox 487 1051 513 1114; x_wconf 88' lang='lat' dir='ltr'>si</span> <span class='ocrx_word' id='word_1_71' title='bbox 534 1049 568 1114; x_wconf 91' lang='lat' dir='ltr'>id</span> <span class='ocrx_word' id='word_1_72' title='bbox 583 1051 676 1135; x_wconf 85' lang='lat' dir='ltr'>eulpa</span> <span class='ocrx_word' id='word_1_73' title='bbox 697 1051 871 1116; x_wconf 80' lang='lat' dir='ltr'>senectutis</span> <span class='ocrx_word' id='word_1_74' title='bbox 893 1050 1063 1131; x_wconf 82' lang='lat' dir='ltr'>accideret,</span> <span class='ocrx_word' id='word_1_75' title='bbox 1087 1048 1197 1114; x_wconf 89' lang='lat' dir='ltr'>eadem</span> <span class='ocrx_word' id='word_1_76' title='bbox 1219 1049 1299 1114; x_wconf 91' lang='lat' dir='ltr'>mihi</span> 
     </span>
     <span class='ocr_line' id='line_1_10' title="bbox 133 1134 1299 1219; baseline -0.003 -17"><span class='ocrx_word' id='word_1_77' title='bbox 133 1158 195 1202; x_wconf 90' lang='lat' dir='ltr'>usu</span> <span class='ocrx_word' id='word_1_78' title='bbox 216 1135 364 1200; x_wconf 86' lang='lat' dir='ltr'>venirent</span> <span class='ocrx_word' id='word_1_79' title='bbox 385 1134 577 1219; x_wconf 83' lang='lat' dir='ltr'>reliquisque</span> <span class='ocrx_word' id='word_1_80' title='bbox 600 1136 751 1201; x_wconf 83' lang='lat' dir='ltr'>omnihus</span> <span class='ocrx_word' id='word_1_81' title='bbox 772 1135 944 1199; x_wconf 85' lang='lat' dir='ltr'>maioribus</span> <span class='ocrx_word' id='word_1_82' title='bbox 965 1138 1059 1218; x_wconf 87' lang='lat' dir='ltr'>natu,</span> <span class='ocrx_word' id='word_1_83' title='bbox 1082 1155 1216 1218; x_wconf 89' lang='lat' dir='ltr'>quorum</span> <span class='ocrx_word' id='word_1_84' title='bbox 1238 1155 1299 1219; x_wconf 84' lang='lat' dir='ltr'>ego</span> 
     </span>
     <span class='ocr_line' id='line_1_11' title="bbox 133 1217 1299 1304; baseline -0.002 -19"><span class='ocrx_word' id='word_1_85' title='bbox 133 1219 310 1286; x_wconf 90' lang='lat' dir='ltr'>multorum</span> <span class='ocrx_word' id='word_1_86' title='bbox 326 1221 465 1304; x_wconf 82' lang='lat' dir='ltr'>cognovi</span> <span class='ocrx_word' id='word_1_87' title='bbox 480 1223 675 1297; x_wconf 85' lang='lat' dir='ltr'>senectutem</span> <span class='ocrx_word' id='word_1_88' title='bbox 690 1220 759 1284; x_wconf 87' lang='lat' dir='ltr'>aine</span> <span class='ocrx_word' id='word_1_89' title='bbox 775 1217 919 1304; x_wconf 88' lang='lat' dir='ltr'>querela,</span> <span class='ocrx_word' id='word_1_90' title='bbox 942 1219 997 1304; x_wconf 91' lang='lat' dir='ltr'>qui</span> <span class='ocrx_word' id='word_1_91' title='bbox 1019 1241 1053 1284; x_wconf 86' lang='lat' dir='ltr'>se</span> <span class='ocrx_word' id='word_1_92' title='bbox 1076 1223 1108 1283; x_wconf 87' lang='lat' dir='ltr'>et</span> <span class='ocrx_word' id='word_1_93' title='bbox 1127 1217 1299 1284; x_wconf 88' lang='lat' dir='ltr'><strong>libidinum</strong></span> 
     </span>
     <span class='ocr_line' id='line_1_12' title="bbox 134 1303 1299 1387; baseline -0.001 -18"><span class='ocrx_word' id='word_1_94' title='bbox 134 1304 270 1370; x_wconf 83' lang='lat' dir='ltr'>vinculis</span> <span class='ocrx_word' id='word_1_95' title='bbox 292 1303 416 1368; x_wconf 85' lang='lat' dir='ltr'>laxatos</span> <span class='ocrx_word' id='word_1_96' title='bbox 439 1325 507 1368; x_wconf 83' lang='lat' dir='ltr'>ease</span> <span class='ocrx_word' id='word_1_97' title='bbox 530 1326 596 1370; x_wconf 90' lang='lat' dir='ltr'>non</span> <span class='ocrx_word' id='word_1_98' title='bbox 617 1305 749 1370; x_wconf 78' lang='lat' dir='ltr'>moleste</span> <span class='ocrx_word' id='word_1_99' title='bbox 771 1305 895 1369; x_wconf 83' lang='lat' dir='ltr'>ferrent</span> <span class='ocrx_word' id='word_1_100' title='bbox 909 1325 969 1368; x_wconf 89' lang='lat' dir='ltr'>nee</span> <span class='ocrx_word' id='word_1_101' title='bbox 984 1326 1003 1368; x_wconf 88' lang='lat' dir='ltr'>a</span> <span class='ocrx_word' id='word_1_102' title='bbox 1017 1304 1083 1368; x_wconf 86' lang='lat' dir='ltr'>suis</span> <span class='ocrx_word' id='word_1_103' title='bbox 1098 1303 1299 1387; x_wconf 83' lang='lat' dir='ltr'>despiceren-</span> 
     </span>
     <span class='ocr_line' id='line_1_13' title="bbox 131 1388 1297 1474; baseline -0.002 -20"><span class='ocrx_word' id='word_1_104' title='bbox 131 1393 197 1454; x_wconf 83' lang='lat' dir='ltr'>tur.</span> <span class='ocrx_word' id='word_1_105' title='bbox 227 1388 290 1454; x_wconf 85' lang='lat' dir='ltr'>Sed</span> <span class='ocrx_word' id='word_1_106' title='bbox 312 1389 454 1452; x_wconf 89' lang='lat' dir='ltr'>omnium</span> <span class='ocrx_word' id='word_1_107' title='bbox 474 1389 567 1454; x_wconf 87' lang='lat' dir='ltr'>ietiua</span> <span class='ocrx_word' id='word_1_108' title='bbox 589 1389 676 1455; x_wconf 93' lang='lat' dir='ltr'>modi</span> <span class='ocrx_word' id='word_1_109' title='bbox 698 1390 895 1474; x_wconf 80' lang='lat' dir='ltr'>querelarum</span> <span class='ocrx_word' id='word_1_110' title='bbox 917 1389 952 1453; x_wconf 91' lang='lat' dir='ltr'>in</span> <span class='ocrx_word' id='word_1_111' title='bbox 974 1388 1117 1472; x_wconf 80' lang='lat' dir='ltr'>moribue</span> <span class='ocrx_word' id='word_1_112' title='bbox 1131 1392 1180 1452; x_wconf 83' lang='lat' dir='ltr'>est</span> <span class='ocrx_word' id='word_1_113' title='bbox 1195 1389 1297 1472; x_wconf 86' lang='lat' dir='ltr'>eulpa,</span> 
     </span>
     <span class='ocr_line' id='line_1_14' title="bbox 134 1471 1298 1553; baseline 0 -15"><span class='ocrx_word' id='word_1_114' title='bbox 134 1494 200 1538; x_wconf 89' lang='lat' dir='ltr'>non</span> <span class='ocrx_word' id='word_1_115' title='bbox 222 1474 257 1538; x_wconf 91' lang='lat' dir='ltr'>in</span> <span class='ocrx_word' id='word_1_116' title='bbox 279 1475 393 1539; x_wconf 84' lang='lat' dir='ltr'>aetate.</span> <span class='ocrx_word' id='word_1_117' title='bbox 438 1472 596 1539; x_wconf 77' lang='lat' dir='ltr'>Moderati</span> <span class='ocrx_word' id='word_1_118' title='bbox 618 1476 704 1539; x_wconf 90' lang='lat' dir='ltr'>enim</span> <span class='ocrx_word' id='word_1_119' title='bbox 732 1477 765 1539; x_wconf 88' lang='lat' dir='ltr'>et</span> <span class='ocrx_word' id='word_1_120' title='bbox 793 1495 852 1540; x_wconf 84' lang='lat' dir='ltr'>nee</span> <span class='ocrx_word' id='word_1_121' title='bbox 881 1473 1027 1538; x_wconf 83' lang='lat' dir='ltr'>difficiles</span> <span class='ocrx_word' id='word_1_122' title='bbox 1048 1493 1108 1538; x_wconf 87' lang='lat' dir='ltr'>nee</span> <span class='ocrx_word' id='word_1_123' title='bbox 1130 1471 1298 1553; x_wconf 88' lang='lat' dir='ltr'>inhumani</span> 
     </span>
     <span class='ocr_line' id='line_1_15' title="bbox 131 1557 1299 1644; baseline -0.001 -21"><span class='ocrx_word' id='word_1_124' title='bbox 131 1579 227 1623; x_wconf 76' lang='lat' dir='ltr'>senes</span> <span class='ocrx_word' id='word_1_125' title='bbox 249 1557 446 1622; x_wconf 85' lang='lat' dir='ltr'>tolerabilem</span> <span class='ocrx_word' id='word_1_126' title='bbox 468 1561 665 1624; x_wconf 81' lang='lat' dir='ltr'>senectutem</span> <span class='ocrx_word' id='word_1_127' title='bbox 687 1562 797 1644; x_wconf 82' lang='lat' dir='ltr'>agunt,</span> <span class='ocrx_word' id='word_1_128' title='bbox 820 1559 1046 1643; x_wconf 81' lang='lat' dir='ltr'>importunitas</span> <span class='ocrx_word' id='word_1_129' title='bbox 1067 1561 1175 1622; x_wconf 80' lang='lat' dir='ltr'>autem</span> <span class='ocrx_word' id='word_1_130' title='bbox 1197 1561 1230 1622; x_wconf 87' lang='lat' dir='ltr'>et</span> <span class='ocrx_word' id='word_1_131' title='bbox 1250 1559 1299 1622; x_wconf 89' lang='lat' dir='ltr'>in-</span> 
     </span>
     <span class='ocr_line' id='line_1_16' title="bbox 134 1642 792 1708; baseline 0.003 -2"><span class='ocrx_word' id='word_1_132' title='bbox 134 1642 320 1708; x_wconf 84' lang='lat' dir='ltr'>humanitas</span> <span class='ocrx_word' id='word_1_133' title='bbox 342 1644 431 1708; x_wconf 89' lang='lat' dir='ltr'>omni</span> <span class='ocrx_word' id='word_1_134' title='bbox 454 1644 555 1708; x_wconf 87' lang='lat' dir='ltr'>aetati</span> <span class='ocrx_word' id='word_1_135' title='bbox 577 1643 710 1708; x_wconf 82' lang='lat' dir='ltr'>molesta</span> <span class='ocrx_word' id='word_1_136' title='bbox 733 1647 792 1708; x_wconf 84' lang='lat' dir='ltr'>est.</span> 
     </span>
    </p>
   </div>
   <div class='ocr_carea' id='block_1_3' title="bbox 132 1841 1408 3128">
    <p class='ocr_par' dir='ltr' id='par_1_4' title="bbox 132 1841 1408 3128">
     <span class='ocr_line' id='line_1_17' title="bbox 135 1841 1301 1924; baseline -0.003 -24"><span class='ocrx_word' id='word_1_137' title='bbox 135 1844 255 1924; x_wconf 67' lang='lat' dir='ltr'>Planum</span> <span class='ocrx_word' id='word_1_138' title='bbox 272 1841 302 1896; x_wconf 90' lang='lat' dir='ltr'>in</span> <span class='ocrx_word' id='word_1_139' title='bbox 319 1843 477 1924; x_wconf 68' lang='lat' dir='ltr'>(liuepist.</span> <span class='ocrx_word' id='word_1_140' title='bbox 499 1851 536 1905; x_wconf 91' lang='lat'>10,</span> <span class='ocrx_word' id='word_1_141' title='bbox 554 1851 631 1912; x_wconf 71' lang='lat' dir='ltr'>23,ss</span> <span class='ocrx_word' id='word_1_142' title='bbox 660 1849 693 1924; x_wconf 73' lang='lat' dir='ltr'>nt</span> <span class='ocrx_word' id='word_1_143' title='bbox 739 1845 864 1913; x_wconf 76' lang='lat' dir='ltr'>ptatitno</span> <span class='ocrx_word' id='word_1_144' title='bbox 881 1859 973 1923; x_wconf 73' lang='lat' dir='ltr'>earne</span> <span class='ocrx_word' id='word_1_145' title='bbox 989 1845 1049 1898; x_wconf 86' lang='lat' dir='ltr'>und</span> <span class='ocrx_word' id='word_1_146' title='bbox 1058 1843 1301 1913; x_wconf 80' lang='lat' dir='ltr'>epernialeeiuen</span> 
     </span>
     <span class='ocr_line' id='line_1_18' title="bbox 132 1911 1300 2059; baseline -0.001 -25"><span class='ocrx_word' id='word_1_147' title='bbox 132 1911 713 2059; x_wconf 64' lang='grc' dir='ltr'>11’1;1Β’1Β”11Β11111.ΒΜΒ</span> <span class='ocrx_word' id='word_1_148' title='bbox 743 1911 1300 2059; x_wconf 51' lang='lat' dir='ltr'>intertrimentum</span> 
     </span>
     <span class='ocr_line' id='line_1_19' title="bbox 170 2044 1057 2128; baseline -0.002 -26"><span class='ocrx_word' id='word_1_149' title='bbox 170 2052 250 2102; x_wconf 71' lang='lat' dir='ltr'>estne</span> <span class='ocrx_word' id='word_1_150' title='bbox 284 2044 352 2126; x_wconf 78' lang='lat' dir='ltr'>lher</span> <span class='ocrx_word' id='word_1_151' title='bbox 378 2048 456 2128; x_wconf 73' lang='lat' dir='ltr'>nieht</span> <span class='ocrx_word' id='word_1_152' title='bbox 481 2047 610 2128; x_wconf 73' lang='lat' dir='ltr'>Adverh·</span> <span class='ocrx_word' id='word_1_153' title='bbox 637 2049 693 2118; x_wconf 83' lang='lat' dir='ltr'>vgl.</span> <span class='ocrx_word' id='word_1_154' title='bbox 744 2047 978 2116; x_wconf 85' lang='lat' dir='ltr'>Ereohemungen.</span> <span class='ocrx_word' id='word_1_155' title='bbox 1051 2116 1057 2128; x_wconf 35' lang='grc' dir='ltr'>Ι</span> 
     </span>
     <span class='ocr_line' id='line_1_20' title="bbox 132 2089 1299 2194; baseline -0.003 -24"><span class='ocrx_word' id='word_1_156' title='bbox 132 2123 161 2182; x_wconf 82' lang='grc'>3,</span> <span class='ocrx_word' id='word_1_157' title='bbox 180 2120 196 2169; x_wconf 89' lang='lat'>8</span> <span class='ocrx_word' id='word_1_158' title='bbox 214 2113 267 2169; x_wconf 74' lang='lat' dir='ltr'>Est</span> <span class='ocrx_word' id='word_1_159' title='bbox 284 2119 358 2192; x_wconf 71' lang='lat' dir='ltr'>eune</span> <span class='ocrx_word' id='word_1_160' title='bbox 374 2116 485 2194; x_wconf 62' lang='lat' dir='ltr'>quiden</span> <span class='ocrx_word' id='word_1_161' title='bbox 502 2089 621 2184; x_wconf 72' lang='lat' dir='ltr'>renni.</span> <span class='ocrx_word' id='word_1_162' title='bbox 779 2130 908 2184; x_wconf 75' lang='lat' dir='ltr'>quorum,</span> <span class='ocrx_word' id='word_1_163' title='bbox 933 2115 1079 2184; x_wconf 79' lang='lat' dir='ltr'>abhtngrg</span> <span class='ocrx_word' id='word_1_164' title='bbox 1096 2132 1150 2170; x_wconf 87' lang='lat' dir='ltr'>von</span> <span class='ocrx_word' id='word_1_165' title='bbox 1168 2114 1232 2168; x_wconf 90' lang='lat' dir='ltr'>dem</span> <span class='ocrx_word' id='word_1_166' title='bbox 1250 2129 1299 2194; x_wconf 79' lang='lat' dir='ltr'>an·</span> 
     </span>
     <span class='ocr_line' id='line_1_21' title="bbox 170 2181 1300 2251; baseline -0.002 -15"><span class='ocrx_word' id='word_1_167' title='bbox 170 2181 301 2250; x_wconf 83' lang='lat' dir='ltr'>Cap.IIl.</span> <span class='ocrx_word' id='word_1_168' title='bbox 323 2181 693 2251; x_wconf 81' lang='lat' dir='ltr'>H1er1ate1nganzerPea·</span> <span class='ocrx_word' id='word_1_169' title='bbox 745 2184 831 2238; x_wconf 89' lang='lat' dir='ltr'>deren</span> <span class='ocrx_word' id='word_1_170' title='bbox 859 2182 928 2241; x_wconf 81' lang='lat' dir='ltr'>Gen,</span> <span class='ocrx_word' id='word_1_171' title='bbox 954 2184 1112 2238; x_wconf 79' lang='lat' dir='ltr'>multorum.</span> <span class='ocrx_word' id='word_1_172' title='bbox 1152 2181 1216 2250; x_wconf 82' lang='lat' dir='ltr'>Vgl.</span> <span class='ocrx_word' id='word_1_173' title='bbox 1245 2181 1300 2237; x_wconf 81' lang='lat' dir='ltr'>Cre.</span> 
     </span>
     <span class='ocr_line' id='line_1_22' title="bbox 134 2249 1301 2316; baseline 0.003 -14"><span class='ocrx_word' id='word_1_174' title='bbox 134 2267 182 2303; x_wconf 79' lang='lat' dir='ltr'>sue</span> <span class='ocrx_word' id='word_1_175' title='bbox 199 2249 256 2303; x_wconf 83' lang='lat' dir='ltr'>fast</span> <span class='ocrx_word' id='word_1_176' title='bbox 272 2249 401 2303; x_wconf 79' lang='lat' dir='ltr'>wortlioh</span> <span class='ocrx_word' id='word_1_177' title='bbox 419 2266 469 2304; x_wconf 79' lang='lat' dir='ltr'>aue</span> <span class='ocrx_word' id='word_1_178' title='bbox 486 2250 551 2304; x_wconf 88' lang='lat' dir='ltr'>dem</span> <span class='ocrx_word' id='word_1_179' title='bbox 565 2252 657 2304; x_wconf 77' lang='lat' dir='ltr'>Anien</span> <span class='ocrx_word' id='word_1_180' title='bbox 679 2266 695 2304; x_wconf 90' lang='lat' dir='ltr'>e</span> <span class='ocrx_word' id='word_1_181' title='bbox 746 2251 857 2316; x_wconf 67' lang='lat' dir='ltr'>Laeta,</span> <span class='ocrx_word' id='word_1_182' title='bbox 870 2257 903 2306; x_wconf 83' lang='lat'>30</span> <span class='ocrx_word' id='word_1_183' title='bbox 920 2251 1106 2306; x_wconf 78' lang='lat' dir='ltr'>admiratione</span> <span class='ocrx_word' id='word_1_184' title='bbox 1117 2250 1231 2305; x_wconf 78' lang='lat' dir='ltr'>oinntie</span> <span class='ocrx_word' id='word_1_185' title='bbox 1242 2251 1301 2306; x_wconf 80' lang='lat' dir='ltr'>eins</span> 
     </span>
     <span class='ocr_line' id='line_1_23' title="bbox 133 2316 1300 2386; baseline 0.002 -16"><span class='ocrx_word' id='word_1_186' title='bbox 133 2317 185 2372; x_wconf 80' lang='lat' dir='ltr'>des</span> <span class='ocrx_word' id='word_1_187' title='bbox 213 2319 306 2370; x_wconf 88' lang='lat' dir='ltr'>ereten</span> <span class='ocrx_word' id='word_1_188' title='bbox 328 2316 437 2372; x_wconf 84' lang='lat' dir='ltr'>Buchee</span> <span class='ocrx_word' id='word_1_189' title='bbox 466 2334 520 2372; x_wconf 88' lang='lat' dir='ltr'>von</span> <span class='ocrx_word' id='word_1_190' title='bbox 542 2317 630 2372; x_wconf 85' lang='lat' dir='ltr'>Plat.</span> <span class='ocrx_word' id='word_1_191' title='bbox 679 2335 695 2372; x_wconf 87' lang='lat' dir='ltr'>e</span> <span class='ocrx_word' id='word_1_192' title='bbox 747 2316 1300 2386; x_wconf 80' lang='lat' dir='ltr'>(=eeiner);Caee.deb.G.4,16‚‘1</span> 
     </span>
     <span class='ocr_line' id='line_1_24' title="bbox 135 2381 1300 2515; baseline 0.003 -78"><span class='ocrx_word' id='word_1_193' title='bbox 135 2400 171 2439; x_wconf 86' lang='lat' dir='ltr'>re</span> <span class='ocrx_word' id='word_1_194' title='bbox 187 2381 696 2515; x_wconf 49' lang='lat' dir='ltr'>pugitinissoinffigugdqmgqei</span> <span class='ocrx_word' id='word_1_195' title='bbox 747 2387 938 2510; x_wconf 51' lang='lat' dir='ltr'>mmm</span> <span class='ocrx_word' id='word_1_196' title='bbox 954 2401 1052 2440; x_wconf 86' lang='lat' dir='ltr'>nonen</span> <span class='ocrx_word' id='word_1_197' title='bbox 1068 2385 1127 2440; x_wconf 80' lang='lat' dir='ltr'>eine</span> <span class='ocrx_word' id='word_1_198' title='bbox 1144 2389 1187 2452; x_wconf 90' lang='lat'>(=</span> <span class='ocrx_word' id='word_1_199' title='bbox 1200 2385 1300 2455; x_wconf 82' lang='lat' dir='ltr'>seinos)</span> 
     </span>
     <span class='ocr_line' id='line_1_25' title="bbox 134 2451 1302 2599; baseline 0.001 -26"><span class='ocrx_word' id='word_1_200' title='bbox 134 2451 224 2584; x_wconf 48' lang='lat' dir='ltr'>qtae?</span> <span class='ocrx_word' id='word_1_201' title='bbox 244 2523 258 2570; x_wconf 82' lang='grc'><strong>7</strong></span> <span class='ocrx_word' id='word_1_202' title='bbox 277 2531 327 2571; x_wconf 84' lang='lat' dir='ltr'>aue</span> <span class='ocrx_word' id='word_1_203' title='bbox 345 2533 369 2571; x_wconf 86' lang='lat' dir='ltr'>e.</span> <span class='ocrx_word' id='word_1_204' title='bbox 387 2490 412 2584; x_wconf 75' lang='lat' dir='ltr'>i,</span> <span class='ocrx_word' id='word_1_205' title='bbox 430 2537 459 2588; x_wconf 88' lang='lat' dir='ltr'>p.</span> <span class='ocrx_word' id='word_1_206' title='bbox 478 2491 536 2582; x_wconf 66' lang='lat'>329,</span> <span class='ocrx_word' id='word_1_207' title='bbox 554 2468 636 2572; x_wconf 67' lang='lat' dir='ltr'>dh.</span> <span class='ocrx_word' id='word_1_208' title='bbox 655 2517 694 2584; x_wconf 86' lang='lat' dir='ltr'>D;</span> <span class='ocrx_word' id='word_1_209' title='bbox 779 2491 941 2597; x_wconf 68' lang='lat' dir='ltr'>senecttiten</span> <span class='ocrx_word' id='word_1_210' title='bbox 957 2521 1016 2574; x_wconf 80' lang='lat' dir='ltr'>aine</span> <span class='ocrx_word' id='word_1_211' title='bbox 1028 2521 1146 2599; x_wconf 66' lang='lat' dir='ltr'>querela.</span> <span class='ocrx_word' id='word_1_212' title='bbox 1172 2519 1225 2598; x_wconf 72' lang='lat' dir='ltr'>Die</span> <span class='ocrx_word' id='word_1_213' title='bbox 1237 2520 1302 2574; x_wconf 80' lang='lat' dir='ltr'>Pru·</span> 
     </span>
     <span class='ocr_line' id='line_1_26' title="bbox 134 2585 1302 2710; baseline 0 -68"><span class='ocrx_word' id='word_1_214' title='bbox 134 2592 188 2652; x_wconf 70' lang='lat'>§.8</span> <span class='ocrx_word' id='word_1_215' title='bbox 206 2602 257 2639; x_wconf 87' lang='lat' dir='ltr'>aue</span> <span class='ocrx_word' id='word_1_216' title='bbox 275 2601 298 2638; x_wconf 85' lang='lat' dir='ltr'>e.</span> <span class='ocrx_word' id='word_1_217' title='bbox 311 2590 338 2649; x_wconf 83' lang='lat'>4,</span> <span class='ocrx_word' id='word_1_218' title='bbox 356 2602 384 2653; x_wconf 87' lang='lat' dir='ltr'>p.</span> <span class='ocrx_word' id='word_1_219' title='bbox 397 2585 491 2666; x_wconf 62' lang='lat' dir='ltr'>tim}</span> <span class='ocrx_word' id='word_1_220' title='bbox 514 2587 648 2664; x_wconf 33' lang='lat' dir='ltr'>nnd0330‚</span> <span class='ocrx_word' id='word_1_221' title='bbox 660 2588 694 2640; x_wconf 91' lang='lat' dir='ltr'>A.</span> <span class='ocrx_word' id='word_1_222' title='bbox 745 2591 905 2710; x_wconf 57' lang='lat' dir='ltr'>goaruonen</span> <span class='ocrx_word' id='word_1_223' title='bbox 922 2603 984 2642; x_wconf 85' lang='lat' dir='ltr'>enm</span> <span class='ocrx_word' id='word_1_224' title='bbox 1001 2587 1132 2665; x_wconf 75' lang='lat' dir='ltr'>audetne</span> <span class='ocrx_word' id='word_1_225' title='bbox 1147 2588 1200 2641; x_wconf 79' lang='lat' dir='ltr'>mit</span> <span class='ocrx_word' id='word_1_226' title='bbox 1210 2587 1302 2667; x_wconf 63' lang='lat' dir='ltr'>durem</span> 
     </span>
     <span class='ocr_line' id='line_1_27' title="bbox 170 2652 1301 2719; baseline 0.002 -13"><span class='ocrx_word' id='word_1_227' title='bbox 170 2654 194 2714; x_wconf 67' lang='grc' dir='ltr'>ἕ.</span> <span class='ocrx_word' id='word_1_228' title='bbox 208 2660 232 2708; x_wconf 80' lang='lat'>7.</span> <span class='ocrx_word' id='word_1_229' title='bbox 267 2652 355 2719; x_wconf 80' lang='lat' dir='ltr'>Saepe</span> <span class='ocrx_word' id='word_1_230' title='bbox 367 2670 448 2709; x_wconf 73' lang='lat' dir='ltr'>mem.</span> <span class='ocrx_word' id='word_1_231' title='bbox 473 2652 544 2708; x_wconf 85' lang='lat' dir='ltr'>Cato</span> <span class='ocrx_word' id='word_1_232' title='bbox 587 2655 619 2708; x_wconf 90' lang='lat' dir='ltr'>bt</span> <span class='ocrx_word' id='word_1_233' title='bbox 639 2653 694 2708; x_wconf 88' lang='lat' dir='ltr'>den</span> <span class='ocrx_word' id='word_1_234' title='bbox 768 2671 833 2708; x_wconf 84' lang='lat' dir='ltr'>aeus</span> <span class='ocrx_word' id='word_1_235' title='bbox 845 2656 937 2708; x_wconf 84' lang='lat' dir='ltr'>treton</span> <span class='ocrx_word' id='word_1_236' title='bbox 949 2654 991 2708; x_wconf 85' lang='lat' dir='ltr'>oft</span> <span class='ocrx_word' id='word_1_237' title='bbox 1005 2654 1152 2708; x_wconf 81' lang='lat' dir='ltr'>attubutrv</span> <span class='ocrx_word' id='word_1_238' title='bbox 1164 2672 1198 2707; x_wconf 85' lang='lat' dir='ltr'>zu</span> <span class='ocrx_word' id='word_1_239' title='bbox 1210 2671 1301 2710; x_wconf 87' lang='lat' dir='ltr'>emem</span> 
     </span>
     <span class='ocr_line' id='line_1_28' title="bbox 133 2720 1300 2802; baseline 0.002 -28"><span class='ocrx_word' id='word_1_240' title='bbox 133 2721 234 2797; x_wconf 76' lang='lat' dir='ltr'>Grund</span> <span class='ocrx_word' id='word_1_241' title='bbox 252 2735 297 2797; x_wconf 75' lang='lat' dir='ltr'>an,</span> <span class='ocrx_word' id='word_1_242' title='bbox 309 2720 432 2776; x_wconf 84' lang='lat' dir='ltr'>weehalb</span> <span class='ocrx_word' id='word_1_243' title='bbox 449 2737 481 2775; x_wconf 89' lang='lat' dir='ltr'>er</span> <span class='ocrx_word' id='word_1_244' title='bbox 491 2722 537 2800; x_wconf 79' lang='lat' dir='ltr'>ein</span> <span class='ocrx_word' id='word_1_245' title='bbox 572 2721 693 2802; x_wconf 79' lang='lat' dir='ltr'>ingehem</span> <span class='ocrx_word' id='word_1_246' title='bbox 745 2721 936 2777; x_wconf 73' lang='lat' dir='ltr'>substantive.</span> <span class='ocrx_word' id='word_1_247' title='bbox 955 2721 1021 2793; x_wconf 81' lang='lat' dir='ltr'>Vgl.</span> <span class='ocrx_word' id='word_1_248' title='bbox 1035 2720 1091 2802; x_wconf 78' lang='lat' dir='ltr'>Cio.</span> <span class='ocrx_word' id='word_1_249' title='bbox 1105 2723 1142 2776; x_wconf 88' lang='lat' dir='ltr'>ad</span> <span class='ocrx_word' id='word_1_250' title='bbox 1152 2721 1212 2802; x_wconf 66' lang='lat' dir='ltr'>dit.</span> <span class='ocrx_word' id='word_1_251' title='bbox 1227 2730 1249 2784; x_wconf 87' lang='lat'>1,</span> <span class='ocrx_word' id='word_1_252' title='bbox 1262 2727 1300 2787; x_wconf 84' lang='lat'>18,</span> 
     </span>
     <span class='ocr_line' id='line_1_29' title="bbox 134 2785 1302 2864; baseline 0.003 -22"><span class='ocrx_word' id='word_1_253' title='bbox 134 2788 188 2842; x_wconf 89' lang='lat' dir='ltr'>auf</span> <span class='ocrx_word' id='word_1_254' title='bbox 203 2788 247 2840; x_wconf 79' lang='lat' dir='ltr'>dre</span> <span class='ocrx_word' id='word_1_255' title='bbox 266 2785 341 2864; x_wconf 71' lang='lat' dir='ltr'>liutto</span> <span class='ocrx_word' id='word_1_256' title='bbox 356 2787 405 2842; x_wconf 83' lang='lat' dir='ltr'>dea</span> <span class='ocrx_word' id='word_1_257' title='bbox 423 2788 533 2843; x_wconf 84' lang='lat' dir='ltr'>Laehua</span> <span class='ocrx_word' id='word_1_258' title='bbox 552 2788 692 2857; x_wconf 76' lang='lat' dir='ltr'>(Fuerant,</span> <span class='ocrx_word' id='word_1_259' title='bbox 744 2797 760 2846; x_wconf 83' lang='lat'><strong>5</strong></span> <span class='ocrx_word' id='word_1_260' title='bbox 778 2806 860 2859; x_wconf 79' lang='lat' dir='ltr'>qnam</span> <span class='ocrx_word' id='word_1_261' title='bbox 868 2791 986 2860; x_wconf 72' lang='lat' dir='ltr'>iynoono</span> <span class='ocrx_word' id='word_1_262' title='bbox 995 2807 1028 2844; x_wconf 86' lang='lat' dir='ltr'>ae</span> <span class='ocrx_word' id='word_1_263' title='bbox 1035 2805 1096 2846; x_wconf 78' lang='lat' dir='ltr'>enee</span> <span class='ocrx_word' id='word_1_264' title='bbox 1107 2805 1199 2844; x_wconf 81' lang='lat' dir='ltr'>anino</span> <span class='ocrx_word' id='word_1_265' title='bbox 1210 2790 1302 2846; x_wconf 79' lang='lat' dir='ltr'>miles!</span> 
     </span>
     <span class='ocr_line' id='line_1_30' title="bbox 134 2854 1316 2935; baseline 0.003 -25"><span class='ocrx_word' id='word_1_266' title='bbox 134 2855 230 2922; x_wconf 84' lang='lat' dir='ltr'>Laeli)</span> <span class='ocrx_word' id='word_1_267' title='bbox 247 2854 325 2908; x_wconf 76' lang='lat' dir='ltr'>nieht</span> <span class='ocrx_word' id='word_1_268' title='bbox 342 2855 572 2935; x_wconf 71' lang='lat' dir='ltr'>fiiriiberfliieeig</span> <span class='ocrx_word' id='word_1_269' title='bbox 589 2857 675 2911; x_wconf 81' lang='lat' dir='ltr'>helie.</span> <span class='ocrx_word' id='word_1_270' title='bbox 744 2859 823 2914; x_wconf 83' lang='lat' dir='ltr'>Tuae.</span> <span class='ocrx_word' id='word_1_271' title='bbox 843 2865 867 2923; x_wconf 91' lang='lat'>1,</span> <span class='ocrx_word' id='word_1_272' title='bbox 886 2863 928 2928; x_wconf 81' lang='lat'>49,</span> <span class='ocrx_word' id='word_1_273' title='bbox 947 2864 995 2912; x_wconf 82' lang='grc'>116</span> <span class='ocrx_word' id='word_1_274' title='bbox 1012 2862 1110 2912; x_wconf 71' lang='lat' dir='ltr'>mortes</span> <span class='ocrx_word' id='word_1_275' title='bbox 1126 2864 1187 2913; x_wconf 76' lang='lat' dir='ltr'>enm</span> <span class='ocrx_word' id='word_1_276' title='bbox 1204 2859 1316 2928; x_wconf 64' lang='lat' dir='ltr'>alonia.-</span> 
     </span>
     <span class='ocr_line' id='line_1_31' title="bbox 134 2923 1408 3059; baseline 0.001 -13"><span class='ocrx_word' id='word_1_277' title='bbox 134 2923 693 3059; x_wconf 44' lang='grc' dir='ltr'>01111111111111111ἒὲ1111οἙ</span> <span class='ocrx_word' id='word_1_278' title='bbox 743 2932 849 3048; x_wconf 67' lang='lat' dir='ltr'>aiil·</span> <span class='ocrx_word' id='word_1_279' title='bbox 869 2925 1302 3049; x_wconf 62' lang='lat' dir='ltr'>itttlssttutttttiit</span> <span class='ocrx_word' id='word_1_280' title='bbox 1405 2979 1408 2986; x_wconf 89' lang='lat'>·</span> 
     </span>
     <span class='ocr_line' id='line_1_32' title="bbox 136 3009 1302 3128; baseline 0 -12"><span class='ocrx_word' id='word_1_281' title='bbox 136 3011 258 3120; x_wconf 55' lang='lat' dir='ltr'>deicolis</span> <span class='ocrx_word' id='word_1_282' title='bbox 270 3051 321 3111; x_wconf 78' lang='grc' dir='ltr'>τὸν</span> <span class='ocrx_word' id='word_1_283' title='bbox 333 3055 450 3128; x_wconf 62' lang='lat' dir='ltr'>dautem</span> <span class='ocrx_word' id='word_1_284' title='bbox 463 3075 560 3114; x_wconf 84' lang='lat' dir='ltr'>unser:</span> <span class='ocrx_word' id='word_1_285' title='bbox 574 3011 695 3115; x_wconf 72' lang='lat' dir='ltr'>Gleiih</span> <span class='ocrx_word' id='word_1_286' title='bbox 744 3062 839 3116; x_wconf 85' lang='lat' dir='ltr'>hinein</span> <span class='ocrx_word' id='word_1_287' title='bbox 861 3061 998 3115; x_wconf 78' lang='lat' dir='ltr'>esohoben</span> <span class='ocrx_word' id='word_1_288' title='bbox 1007 3009 1121 3115; x_wconf 70' lang='lat' dir='ltr'>watien</span> <span class='ocrx_word' id='word_1_289' title='bbox 1132 3064 1251 3128; x_wconf 74' lang='lat' dir='ltr'>missen,</span> <span class='ocrx_word' id='word_1_290' title='bbox 1265 3061 1302 3116; x_wconf 86' lang='lat' dir='ltr'>da</span> 
     </span>
    </p>
   </div>
   <div class='ocr_carea' id='block_1_4' title="bbox 135 3078 1301 3264">
    <p class='ocr_par' dir='ltr' id='par_1_5' title="bbox 135 3078 1301 3264">
     <span class='ocr_line' id='line_1_33' title="bbox 135 3078 1301 3248; baseline 0.003 -67"><span class='ocrx_word' id='word_1_291' title='bbox 135 3125 206 3181; x_wconf 92' lang='lat' dir='ltr'>und</span> <span class='ocrx_word' id='word_1_292' title='bbox 223 3125 341 3194; x_wconf 83' lang='lat' dir='ltr'>gleieh</span> <span class='ocrx_word' id='word_1_293' title='bbox 358 3127 491 3248; x_wconf 58' lang='lat' dir='ltr'>qaeellt</span> <span class='ocrx_word' id='word_1_294' title='bbox 512 3127 585 3182; x_wconf 81' lang='lat' dir='ltr'>siah</span> <span class='ocrx_word' id='word_1_295' title='bbox 602 3144 694 3206; x_wconf 75' lang='lat' dir='ltr'>geru.</span> <span class='ocrx_word' id='word_1_296' title='bbox 745 3144 775 3183; x_wconf 84' lang='lat' dir='ltr'>ea</span> <span class='ocrx_word' id='word_1_297' title='bbox 793 3078 1096 3205; x_wconf 35' lang='lat' dir='ltr'>zuiem&#39;l&#39;olgenden:</span> <span class='ocrx_word' id='word_1_298' title='bbox 1112 3127 1301 3198; x_wconf 79' lang='lat' dir='ltr'>nee..dee1ri·</span> 
     </span>
     <span class='ocr_line' id='line_1_34' title="bbox 170 3193 1188 3264; baseline 0.001 -16"><span class='ocrx_word' id='word_1_299' title='bbox 170 3209 242 3262; x_wconf 81' lang='lat' dir='ltr'>qnne</span> <span class='ocrx_word' id='word_1_300' title='bbox 260 3231 287 3245; x_wconf 89' lang='lat'>..</span> <span class='ocrx_word' id='word_1_301' title='bbox 308 3193 451 3262; x_wconf 70' lang='lat' dir='ltr'>deponere</span> <span class='ocrx_word' id='word_1_302' title='bbox 466 3195 594 3250; x_wconf 79' lang='lat' dir='ltr'>solebant.</span> <span class='ocrx_word' id='word_1_303' title='bbox 624 3196 693 3251; x_wconf 78' lang='lat' dir='ltr'>Eme</span> <span class='ocrx_word' id='word_1_304' title='bbox 744 3201 870 3250; x_wconf 68' lang='lat' dir='ltr'>eunden</span> <span class='ocrx_word' id='word_1_305' title='bbox 887 3194 965 3248; x_wconf 87' lang='lat' dir='ltr'>meht</span> <span class='ocrx_word' id='word_1_306' title='bbox 982 3194 1062 3251; x_wconf 85' lang='lat' dir='ltr'>mehr</span> <span class='ocrx_word' id='word_1_307' title='bbox 1078 3195 1188 3264; x_wconf 78' lang='lat' dir='ltr'>gehdrt.</span> 
     </span>
    </p>
   </div>
   <div class='ocr_carea' id='block_1_5' title="bbox 133 3258 1384 4412">
    <p class='ocr_par' dir='ltr' id='par_1_6' title="bbox 133 3258 1384 4412">
     <span class='ocr_line' id='line_1_35' title="bbox 136 3258 1384 3331; baseline 0.001 -14"><span class='ocrx_word' id='word_1_308' title='bbox 136 3261 226 3317; x_wconf 80' lang='lat' dir='ltr'>durch</span> <span class='ocrx_word' id='word_1_309' title='bbox 260 3258 305 3314; x_wconf 88' lang='lat' dir='ltr'>die</span> <span class='ocrx_word' id='word_1_310' title='bbox 334 3261 563 3331; x_wconf 80' lang='lat' dir='ltr'>vorhergehende</span> <span class='ocrx_word' id='word_1_311' title='bbox 590 3264 693 3318; x_wconf 89' lang='lat' dir='ltr'>Paren·</span> <span class='ocrx_word' id='word_1_312' title='bbox 777 3263 962 3328; x_wconf 76' lang='lat' dir='ltr'>nonnwleate,</span> <span class='ocrx_word' id='word_1_313' title='bbox 980 3261 1099 3327; x_wconf 78' lang='lat' dir='ltr'>Litotee3</span> <span class='ocrx_word' id='word_1_314' title='bbox 1118 3263 1206 3318; x_wconf 80' lang='lat' dir='ltr'>daher</span> <span class='ocrx_word' id='word_1_315' title='bbox 1223 3263 1303 3320; x_wconf 86' lang='lat' dir='ltr'>nieht</span> <span class='ocrx_word' id='word_1_316' title='bbox 1378 3299 1384 3312; x_wconf 85' lang='lat'><strong>·</strong></span> 
     </span>
     <span class='ocr_line' id='line_1_36' title="bbox 134 3327 1301 3400; baseline 0.002 -16"><span class='ocrx_word' id='word_1_317' title='bbox 134 3331 216 3384; x_wconf 88' lang='lat' dir='ltr'>these</span> <span class='ocrx_word' id='word_1_318' title='bbox 244 3327 451 3398; x_wconf 78' lang='lat' dir='ltr'>entsehuldigte</span> <span class='ocrx_word' id='word_1_319' title='bbox 477 3329 578 3384; x_wconf 80' lang='lat' dir='ltr'>freiere</span> <span class='ocrx_word' id='word_1_320' title='bbox 604 3347 641 3400; x_wconf 89' lang='lat' dir='ltr'>ap</span> <span class='ocrx_word' id='word_1_321' title='bbox 662 3347 692 3385; x_wconf 89' lang='lat' dir='ltr'>o·</span> <span class='ocrx_word' id='word_1_322' title='bbox 762 3332 794 3386; x_wconf 86' lang='lat' dir='ltr'>ni</span> <span class='ocrx_word' id='word_1_323' title='bbox 815 3347 843 3386; x_wconf 80' lang='lat' dir='ltr'>ee</span> <span class='ocrx_word' id='word_1_324' title='bbox 864 3347 924 3386; x_wconf 87' lang='lat' dir='ltr'>nee</span> <span class='ocrx_word' id='word_1_325' title='bbox 941 3329 1090 3386; x_wconf 73' lang='lat' dir='ltr'>lihidininn</span> <span class='ocrx_word' id='word_1_326' title='bbox 1175 3347 1230 3388; x_wconf 78' lang='lat' dir='ltr'>ene</span> <span class='ocrx_word' id='word_1_327' title='bbox 1246 3346 1301 3386; x_wconf 85' lang='lat' dir='ltr'>no·</span> 
     </span>
     <span class='ocr_line' id='line_1_37' title="bbox 135 3347 938 3477; baseline 0.001 -26"><span class='ocrx_word' id='word_1_328' title='bbox 135 3397 219 3452; x_wconf 80' lang='lat' dir='ltr'>sitive</span> <span class='ocrx_word' id='word_1_329' title='bbox 236 3395 462 3474; x_wconf 69' lang='lat' dir='ltr'>Umachreibung</span> <span class='ocrx_word' id='word_1_330' title='bbox 484 3412 538 3450; x_wconf 84' lang='lat' dir='ltr'>von</span> <span class='ocrx_word' id='word_1_331' title='bbox 561 3348 693 3476; x_wconf 74' lang='lat' dir='ltr'>qnereiie;</span> <span class='ocrx_word' id='word_1_332' title='bbox 744 3347 809 3454; x_wconf 71' lang='lat' dir='ltr'>iente</span> <span class='ocrx_word' id='word_1_333' title='bbox 825 3399 938 3477; x_wconf 79' lang='lat' dir='ltr'>ferrent.</span> 
     </span>
     <span class='ocr_line' id='line_1_38' title="bbox 135 3463 1302 3532; baseline 0.001 -13"><span class='ocrx_word' id='word_1_334' title='bbox 135 3481 187 3519; x_wconf 85' lang='lat' dir='ltr'>vor</span> <span class='ocrx_word' id='word_1_335' title='bbox 203 3479 274 3532; x_wconf 80' lang='lat' dir='ltr'>quae</span> <span class='ocrx_word' id='word_1_336' title='bbox 291 3466 329 3517; x_wconf 84' lang='lat' dir='ltr'>ret</span> <span class='ocrx_word' id='word_1_337' title='bbox 341 3463 391 3518; x_wconf 84' lang='lat' dir='ltr'>dae</span> <span class='ocrx_word' id='word_1_338' title='bbox 403 3464 530 3519; x_wconf 83' lang='lat' dir='ltr'>neutrale</span> <span class='ocrx_word' id='word_1_339' title='bbox 549 3481 588 3520; x_wconf 80' lang='lat' dir='ltr'>en</span> <span class='ocrx_word' id='word_1_340' title='bbox 605 3483 639 3518; x_wconf 85' lang='lat' dir='ltr'>zu</span> <span class='ocrx_word' id='word_1_341' title='bbox 651 3483 692 3521; x_wconf 90' lang='lat' dir='ltr'>er·</span> <span class='ocrx_word' id='word_1_342' title='bbox 779 3483 829 3522; x_wconf 86' lang='lat' dir='ltr'>nee</span> <span class='ocrx_word' id='word_1_343' title='bbox 840 3483 859 3520; x_wconf 88' lang='lat' dir='ltr'>a</span> <span class='ocrx_word' id='word_1_344' title='bbox 870 3481 937 3521; x_wconf 80' lang='lat' dir='ltr'>enee.</span> <span class='ocrx_word' id='word_1_345' title='bbox 964 3465 1109 3520; x_wconf 76' lang='lat' dir='ltr'>Wihrend</span> <span class='ocrx_word' id='word_1_346' title='bbox 1124 3465 1227 3522; x_wconf 76' lang='lat' dir='ltr'>Caesar</span> <span class='ocrx_word' id='word_1_347' title='bbox 1245 3466 1302 3520; x_wconf 90' lang='lat' dir='ltr'>und</span> 
     </span>
     <span class='ocr_line' id='line_1_39' title="bbox 133 3531 1303 3603; baseline 0 -15"><span class='ocrx_word' id='word_1_348' title='bbox 133 3537 253 3602; x_wconf 63' lang='lat' dir='ltr'>genuen.</span> <span class='ocrx_word' id='word_1_349' title='bbox 698 3553 700 3558; x_wconf 58' lang='lat'><strong><em>¹</em></strong></span> <span class='ocrx_word' id='word_1_350' title='bbox 745 3531 1036 3603; x_wconf 79' lang='lat' dir='ltr'>NepoavorVocalen</span> <span class='ocrx_word' id='word_1_351' title='bbox 1053 3532 1172 3587; x_wconf 89' lang='lat' dir='ltr'>undvor</span> <span class='ocrx_word' id='word_1_352' title='bbox 1189 3535 1208 3588; x_wconf 75' lang='lat' dir='ltr'>ir</span> <span class='ocrx_word' id='word_1_353' title='bbox 1223 3533 1303 3589; x_wconf 87' lang='lat' dir='ltr'>nieht</span> 
     </span>
     <span class='ocr_line' id='line_1_40' title="bbox 168 3599 1302 3670; baseline 0.003 -17"><span class='ocrx_word' id='word_1_354' title='bbox 168 3613 226 3653; x_wconf 87' lang='lat' dir='ltr'>non</span> <span class='ocrx_word' id='word_1_355' title='bbox 247 3599 279 3654; x_wconf 83' lang='lat' dir='ltr'>id</span> <span class='ocrx_word' id='word_1_356' title='bbox 296 3599 464 3655; x_wconf 80' lang='lat' dir='ltr'>videbantur</span> <span class='ocrx_word' id='word_1_357' title='bbox 479 3603 540 3658; x_wconf 88' lang='lat' dir='ltr'>eett.</span> <span class='ocrx_word' id='word_1_358' title='bbox 576 3599 691 3655; x_wconf 88' lang='lat' dir='ltr'>Platon:</span> <span class='ocrx_word' id='word_1_359' title='bbox 744 3600 939 3670; x_wconf 73' lang='lat' dir='ltr'>neumaiam</span> <span class='ocrx_word' id='word_1_360' title='bbox 955 3617 1043 3669; x_wconf 77' lang='lat' dir='ltr'>neque</span> <span class='ocrx_word' id='word_1_361' title='bbox 1060 3600 1215 3667; x_wconf 72' lang='lat' dir='ltr'>schreibem</span> <span class='ocrx_word' id='word_1_362' title='bbox 1232 3603 1302 3656; x_wconf 72' lang='lat' dir='ltr'>litent</span> 
     </span>
     <span class='ocr_line' id='line_1_41' title="bbox 135 3656 1302 3731; baseline 0.002 -11"><span class='ocrx_word' id='word_1_363' title='bbox 135 3663 201 3731; x_wconf 76' lang='lat' dir='ltr'>lael</span> <span class='ocrx_word' id='word_1_364' title='bbox 220 3663 252 3721; x_wconf 75' lang='lat' dir='ltr'>di</span> <span class='ocrx_word' id='word_1_365' title='bbox 272 3669 410 3722; x_wconf 77' lang='grc' dir='ltr'><strong><em>δοκοῦσιν</em></strong></span> <span class='ocrx_word' id='word_1_366' title='bbox 433 3656 513 3723; x_wconf 75' lang='grc' dir='ltr'><em>οὗτοι</em></span> <span class='ocrx_word' id='word_1_367' title='bbox 537 3663 573 3722; x_wconf 80' lang='grc' dir='ltr'>ου’</span> <span class='ocrx_word' id='word_1_368' title='bbox 596 3665 628 3722; x_wconf 78' lang='lat' dir='ltr'>ed</span> <span class='ocrx_word' id='word_1_369' title='bbox 648 3669 691 3722; x_wconf 76' lang='lat' dir='ltr'>ai·</span> <span class='ocrx_word' id='word_1_370' title='bbox 745 3669 842 3725; x_wconf 81' lang='lat' dir='ltr'>cicero</span> <span class='ocrx_word' id='word_1_371' title='bbox 860 3668 931 3724; x_wconf 85' lang='lat' dir='ltr'>auch</span> <span class='ocrx_word' id='word_1_372' title='bbox 949 3669 1025 3723; x_wconf 85' lang='lat' dir='ltr'>deun</span> <span class='ocrx_word' id='word_1_373' title='bbox 1043 3666 1089 3723; x_wconf 89' lang='lat' dir='ltr'>die</span> <span class='ocrx_word' id='word_1_374' title='bbox 1102 3669 1183 3723; x_wconf 85' lang='lat' dir='ltr'>Form</span> <span class='ocrx_word' id='word_1_375' title='bbox 1201 3686 1250 3724; x_wconf 83' lang='lat' dir='ltr'>nee</span> <span class='ocrx_word' id='word_1_376' title='bbox 1267 3687 1302 3722; x_wconf 81' lang='lat' dir='ltr'>zu</span> 
     </span>
     <span class='ocr_line' id='line_1_42' title="bbox 136 3733 1301 3807; baseline 0.002 -20"><span class='ocrx_word' id='word_1_377' title='bbox 136 3753 200 3788; x_wconf 77' lang='grc' dir='ltr'><strong><em>τιον</em></strong></span> <span class='ocrx_word' id='word_1_378' title='bbox 218 3733 381 3794; x_wconf 76' lang='grc' dir='ltr'><strong><em>αἰτιᾶσθαι.</em></strong></span> <span class='ocrx_word' id='word_1_379' title='bbox 405 3734 431 3789; x_wconf 93' lang='lat' dir='ltr'><strong>V</strong></span> <span class='ocrx_word' id='word_1_380' title='bbox 451 3735 620 3791; x_wconf 74' lang='lat' dir='ltr'>inuohher:</span> <span class='ocrx_word' id='word_1_381' title='bbox 638 3735 693 3790; x_wconf 80' lang='lat' dir='ltr'>Sed</span> <span class='ocrx_word' id='word_1_382' title='bbox 743 3737 885 3807; x_wconf 78' lang='lat' dir='ltr'>(dagegen</span> <span class='ocrx_word' id='word_1_383' title='bbox 908 3735 1025 3790; x_wconf 80' lang='lat' dir='ltr'>niemale</span> <span class='ocrx_word' id='word_1_384' title='bbox 1042 3739 1096 3805; x_wconf 83' lang='lat' dir='ltr'>oe).</span> <span class='ocrx_word' id='word_1_385' title='bbox 1131 3734 1196 3805; x_wconf 85' lang='lat' dir='ltr'>Vgl.</span> <span class='ocrx_word' id='word_1_386' title='bbox 1215 3735 1301 3790; x_wconf 84' lang='lat' dir='ltr'>aohon</span> 
     </span>
     <span class='ocr_line' id='line_1_43' title="bbox 135 3800 1300 3879; baseline 0.003 -26"><span class='ocrx_word' id='word_1_387' title='bbox 135 3800 259 3879; x_wconf 73' lang='lat' dir='ltr'>omniinn</span> <span class='ocrx_word' id='word_1_388' title='bbox 276 3802 359 3856; x_wconf 79' lang='lat' dir='ltr'>iatine</span> <span class='ocrx_word' id='word_1_389' title='bbox 377 3818 419 3857; x_wconf 87' lang='lat' dir='ltr'>mo</span> <span class='ocrx_word' id='word_1_390' title='bbox 440 3805 453 3858; x_wconf 88' lang='lat' dir='ltr'>i</span> <span class='ocrx_word' id='word_1_391' title='bbox 469 3804 644 3871; x_wconf 77' lang='lat' dir='ltr'>querelarum</span> <span class='ocrx_word' id='word_1_392' title='bbox 660 3804 693 3857; x_wconf 84' lang='lat' dir='ltr'>in</span> <span class='ocrx_word' id='word_1_393' title='bbox 743 3803 837 3875; x_wconf 80' lang='lat' dir='ltr'>gleioh</span> <span class='ocrx_word' id='word_1_394' title='bbox 854 3803 893 3856; x_wconf 90' lang='lat' dir='ltr'>im</span> <span class='ocrx_word' id='word_1_395' title='bbox 904 3803 1067 3871; x_wconf 79' lang='lat' dir='ltr'>Fulgenden</span> <span class='ocrx_word' id='word_1_396' title='bbox 1083 3819 1133 3858; x_wconf 84' lang='lat' dir='ltr'>nee</span> <span class='ocrx_word' id='word_1_397' title='bbox 1144 3804 1300 3868; x_wconf 70' lang='lat' dir='ltr'>intuitioni,</span> 
     </span>
     <span class='ocr_line' id='line_1_44' title="bbox 136 3868 1372 3938; baseline 0.002 -16"><span class='ocrx_word' id='word_1_398' title='bbox 136 3868 258 3922; x_wconf 74' lang='lat' dir='ltr'>menna</span> <span class='ocrx_word' id='word_1_399' title='bbox 280 3874 318 3923; x_wconf 83' lang='lat' dir='ltr'>ert</span> <span class='ocrx_word' id='word_1_400' title='bbox 340 3869 432 3938; x_wconf 80' lang='lat' dir='ltr'>eulpa,</span> <span class='ocrx_word' id='word_1_401' title='bbox 454 3885 511 3924; x_wconf 87' lang='lat' dir='ltr'>non</span> <span class='ocrx_word' id='word_1_402' title='bbox 533 3872 566 3924; x_wconf 85' lang='lat' dir='ltr'>in</span> <span class='ocrx_word' id='word_1_403' title='bbox 587 3876 692 3936; x_wconf 57' lang='lat' dir='ltr'>aetam</span> <span class='ocrx_word' id='word_1_404' title='bbox 744 3874 801 3926; x_wconf 87' lang='lat' dir='ltr'>und</span> <span class='ocrx_word' id='word_1_405' title='bbox 818 3872 848 3926; x_wconf 90' lang='lat' dir='ltr'>in</span> <span class='ocrx_word' id='word_1_406' title='bbox 865 3875 889 3936; x_wconf 69' lang='grc' dir='ltr'>ξ.</span> <span class='ocrx_word' id='word_1_407' title='bbox 907 3877 936 3926; x_wconf 89' lang='lat'>8:</span> <span class='ocrx_word' id='word_1_408' title='bbox 953 3887 1003 3926; x_wconf 86' lang='lat' dir='ltr'>neo</span> <span class='ocrx_word' id='word_1_409' title='bbox 1019 3869 1134 3938; x_wconf 73' lang='lat' dir='ltr'>inante,</span> <span class='ocrx_word' id='word_1_410' title='bbox 1152 3886 1202 3926; x_wconf 86' lang='lat' dir='ltr'>nee</span> <span class='ocrx_word' id='word_1_411' title='bbox 1219 3869 1300 3938; x_wconf 86' lang='lat' dir='ltr'>enim,</span> <span class='ocrx_word' id='word_1_412' title='bbox 1369 3897 1372 3918; x_wconf 64' lang='grc' dir='ltr'>ι</span> 
     </span>
     <span class='ocr_line' id='line_1_45' title="bbox 136 3933 961 4007; baseline 0.007 -17"><span class='ocrx_word' id='word_1_413' title='bbox 136 3943 164 4006; x_wconf 80' lang='lat' dir='ltr'>t,</span> <span class='ocrx_word' id='word_1_414' title='bbox 185 3939 218 3989; x_wconf 85' lang='lat'>14</span> <span class='ocrx_word' id='word_1_415' title='bbox 233 3933 294 3990; x_wconf 77' lang='lat' dir='ltr'>Sne</span> <span class='ocrx_word' id='word_1_416' title='bbox 311 3938 384 3992; x_wconf 86' lang='lat' dir='ltr'>enim</span> <span class='ocrx_word' id='word_1_417' title='bbox 400 3939 472 3994; x_wconf 82' lang='lat' dir='ltr'>nitio</span> <span class='ocrx_word' id='word_1_418' title='bbox 487 3939 650 4006; x_wconf 63' lang='lat' dir='ltr'>inopinum</span> <span class='ocrx_word' id='word_1_419' title='bbox 667 3943 693 3992; x_wconf 80' lang='lat' dir='ltr'>et</span> <span class='ocrx_word' id='word_1_420' title='bbox 742 3957 792 3996; x_wconf 82' lang='lat' dir='ltr'>nee</span> <span class='ocrx_word' id='word_1_421' title='bbox 808 3939 961 4007; x_wconf 69' lang='lat' dir='ltr'>insipienti.</span> 
     </span>
     <span class='ocr_line' id='line_1_46' title="bbox 135 4003 1301 4072; baseline 0.002 -14"><span class='ocrx_word' id='word_1_422' title='bbox 135 4019 217 4058; x_wconf 79' lang='lat' dir='ltr'>auem</span> <span class='ocrx_word' id='word_1_423' title='bbox 239 4003 350 4072; x_wconf 78' lang='lat' dir='ltr'>eulpam</span> <span class='ocrx_word' id='word_1_424' title='bbox 372 4006 405 4058; x_wconf 80' lang='lat' dir='ltr'>in</span> <span class='ocrx_word' id='word_1_425' title='bbox 421 4010 584 4060; x_wconf 69' lang='lat' dir='ltr'>senectutem</span> <span class='ocrx_word' id='word_1_426' title='bbox 601 4005 693 4070; x_wconf 82' lang='lat' dir='ltr'>eonfe-</span> <span class='ocrx_word' id='word_1_427' title='bbox 777 4009 889 4063; x_wconf 73' lang='lat' dir='ltr'>molesta</span> <span class='ocrx_word' id='word_1_428' title='bbox 905 4004 1164 4068; x_wconf 80' lang='lat' dir='ltr'>=einoLaatf1¹ir</span> <span class='ocrx_word' id='word_1_429' title='bbox 1182 4005 1236 4058; x_wconf 89' lang='lat' dir='ltr'>deu</span> <span class='ocrx_word' id='word_1_430' title='bbox 1253 4005 1301 4060; x_wconf 87' lang='lat' dir='ltr'>be·</span> 
     </span>
     <span class='ocr_line' id='line_1_47' title="bbox 133 4071 1300 4138; baseline 0 -12"><span class='ocrx_word' id='word_1_431' title='bbox 133 4075 210 4126; x_wconf 71' lang='lat' dir='ltr'>rnen.</span> <span class='ocrx_word' id='word_1_432' title='bbox 683 4107 693 4126; x_wconf 59' lang='grc' dir='ltr'><strong><em>Β</em></strong></span> <span class='ocrx_word' id='word_1_433' title='bbox 744 4073 901 4132; x_wconf 87' lang='lat' dir='ltr'>treffendeu</span> <span class='ocrx_word' id='word_1_434' title='bbox 913 4073 1063 4128; x_wconf 81' lang='lat' dir='ltr'>Menschen</span> <span class='ocrx_word' id='word_1_435' title='bbox 1075 4072 1171 4138; x_wconf 75' lang='lat' dir='ltr'>selbot,</span> <span class='ocrx_word' id='word_1_436' title='bbox 1187 4071 1240 4126; x_wconf 86' lang='lat' dir='ltr'>mit</span> <span class='ocrx_word' id='word_1_437' title='bbox 1250 4089 1300 4126; x_wconf 88' lang='lat' dir='ltr'>nn·</span> 
     </span>
     <span class='ocr_line' id='line_1_48' title="bbox 170 4137 1302 4214; baseline 0.004 -23"><span class='ocrx_word' id='word_1_438' title='bbox 170 4137 247 4192; x_wconf 87' lang='lat' dir='ltr'>Nam</span> <span class='ocrx_word' id='word_1_439' title='bbox 268 4140 294 4193; x_wconf 84' lang='lat' dir='ltr'>ei</span> <span class='ocrx_word' id='word_1_440' title='bbox 315 4139 347 4194; x_wconf 86' lang='lat' dir='ltr'>id</span> <span class='ocrx_word' id='word_1_441' title='bbox 368 4139 413 4194; x_wconf 80' lang='lat' dir='ltr'>ent</span> <span class='ocrx_word' id='word_1_442' title='bbox 432 4156 451 4192; x_wconf 85' lang='lat' dir='ltr'>n</span> <span class='ocrx_word' id='word_1_443' title='bbox 470 4154 527 4195; x_wconf 83' lang='lat' dir='ltr'>een.</span> <span class='ocrx_word' id='word_1_444' title='bbox 550 4141 693 4208; x_wconf 74' lang='lat' dir='ltr'>aenean,</span> <span class='ocrx_word' id='word_1_445' title='bbox 744 4142 938 4214; x_wconf 81' lang='lat' dir='ltr'>angenehmen</span> <span class='ocrx_word' id='word_1_446' title='bbox 960 4139 1068 4209; x_wconf 74' lang='lat' dir='ltr'>rugen</span> <span class='ocrx_word' id='word_1_447' title='bbox 1094 4139 1141 4194; x_wconf 80' lang='lat' dir='ltr'>fiir</span> <span class='ocrx_word' id='word_1_448' title='bbox 1166 4138 1214 4193; x_wconf 88' lang='lat' dir='ltr'>ihu</span> <span class='ocrx_word' id='word_1_449' title='bbox 1242 4156 1302 4195; x_wconf 86' lang='lat' dir='ltr'>ver·</span> 
     </span>
     <span class='ocr_line' id='line_1_49' title="bbox 137 4205 1300 4277; baseline -0.001 -15"><span class='ocrx_word' id='word_1_450' title='bbox 137 4205 232 4262; x_wconf 79' lang='lat' dir='ltr'>eadem</span> <span class='ocrx_word' id='word_1_451' title='bbox 243 4206 375 4264; x_wconf 85' lang='lat' dir='ltr'>uenirent.</span> <span class='ocrx_word' id='word_1_452' title='bbox 425 4223 455 4262; x_wconf 85' lang='lat' dir='ltr'>aa</span> <span class='ocrx_word' id='word_1_453' title='bbox 467 4206 499 4262; x_wconf 82' lang='lat' dir='ltr'>id</span> <span class='ocrx_word' id='word_1_454' title='bbox 523 4207 693 4264; x_wconf 85' lang='lat' dir='ltr'>untereehie-</span> <span class='ocrx_word' id='word_1_455' title='bbox 743 4211 865 4268; x_wconf 87' lang='lat' dir='ltr'>bunden.</span> <span class='ocrx_word' id='word_1_456' title='bbox 877 4208 945 4277; x_wconf 85' lang='lat' dir='ltr'>Vgl.</span> <span class='ocrx_word' id='word_1_457' title='bbox 955 4207 1024 4262; x_wconf 87' lang='lat' dir='ltr'>Plat.</span> <span class='ocrx_word' id='word_1_458' title='bbox 1036 4223 1061 4262; x_wconf 88' lang='lat' dir='ltr'>a.</span> <span class='ocrx_word' id='word_1_459' title='bbox 1072 4223 1099 4263; x_wconf 87' lang='lat' dir='ltr'>a.</span> <span class='ocrx_word' id='word_1_460' title='bbox 1110 4206 1143 4261; x_wconf 89' lang='lat'>0.</span> <span class='ocrx_word' id='word_1_461' title='bbox 1153 4225 1181 4276; x_wconf 86' lang='lat' dir='ltr'>p.</span> <span class='ocrx_word' id='word_1_462' title='bbox 1191 4213 1250 4273; x_wconf 79' lang='lat'>329,</span> <span class='ocrx_word' id='word_1_463' title='bbox 1260 4206 1300 4261; x_wconf 83' lang='lat' dir='ltr'>D:</span> 
     </span>
     <span class='ocr_line' id='line_1_50' title="bbox 135 4264 1303 4353; baseline 0 -25"><span class='ocrx_word' id='word_1_464' title='bbox 135 4275 198 4352; x_wconf 42' lang='lat' dir='ltr'>den·</span> <span class='ocrx_word' id='word_1_465' title='bbox 216 4288 271 4327; x_wconf 89' lang='lat' dir='ltr'>von</span> <span class='ocrx_word' id='word_1_466' title='bbox 289 4273 360 4353; x_wconf 38' lang='lat' dir='ltr'>dem,</span> <span class='ocrx_word' id='word_1_467' title='bbox 379 4274 514 4344; x_wconf 82' lang='lat' dir='ltr'>rorherge</span> <span class='ocrx_word' id='word_1_468' title='bbox 535 4274 626 4331; x_wconf 90' lang='lat' dir='ltr'>enden</span> <span class='ocrx_word' id='word_1_469' title='bbox 649 4277 690 4343; x_wconf 79' lang='lat' dir='ltr'>id)</span> <span class='ocrx_word' id='word_1_470' title='bbox 743 4267 781 4332; x_wconf 71' lang='lat' dir='ltr'>lv</span> <span class='ocrx_word' id='word_1_471' title='bbox 793 4275 847 4349; x_wconf 73' lang='lat' dir='ltr'>uin</span> <span class='ocrx_word' id='word_1_472' title='bbox 858 4275 913 4346; x_wconf 77' lang='grc' dir='ltr'>γὰρ</span> <span class='ocrx_word' id='word_1_473' title='bbox 925 4273 1039 4344; x_wconf 81' lang='grc' dir='ltr'>κόσμιοι</span> <span class='ocrx_word' id='word_1_474' title='bbox 1051 4275 1100 4330; x_wconf 76' lang='grc' dir='ltr'>καὶ</span> <span class='ocrx_word' id='word_1_475' title='bbox 1113 4268 1227 4330; x_wconf 70' lang='grc' dir='ltr'><strong><em>εὔκολοι</em></strong></span> <span class='ocrx_word' id='word_1_476' title='bbox 1239 4264 1303 4345; x_wconf 75' lang='lat' dir='ltr'>rior„</span> 
     </span>
     <span class='ocr_line' id='line_1_51' title="bbox 136 4337 1302 4412; baseline 0.002 -16"><span class='ocrx_word' id='word_1_477' title='bbox 136 4341 251 4396; x_wconf 84' lang='lat' dir='ltr'>beareht</span> <span class='ocrx_word' id='word_1_478' title='bbox 273 4341 333 4396; x_wconf 79' lang='lat' dir='ltr'>meh</span> <span class='ocrx_word' id='word_1_479' title='bbox 350 4341 454 4395; x_wconf 78' lang='lat' dir='ltr'>zuruok</span> <span class='ocrx_word' id='word_1_480' title='bbox 475 4343 527 4398; x_wconf 84' lang='lat' dir='ltr'>auf</span> <span class='ocrx_word' id='word_1_481' title='bbox 545 4345 594 4398; x_wconf 83' lang='lat' dir='ltr'>dae</span> <span class='ocrx_word' id='word_1_482' title='bbox 616 4345 692 4400; x_wconf 85' lang='lat' dir='ltr'>noln-</span> <span class='ocrx_word' id='word_1_483' title='bbox 743 4347 792 4401; x_wconf 78' lang='grc' dir='ltr'>καὶ</span> <span class='ocrx_word' id='word_1_484' title='bbox 812 4345 844 4402; x_wconf 81' lang='grc' dir='ltr'>τὸ</span> <span class='ocrx_word' id='word_1_485' title='bbox 863 4342 953 4412; x_wconf 70' lang='grc' dir='ltr'><strong><em>γῆρας</em></strong></span> <span class='ocrx_word' id='word_1_486' title='bbox 970 4343 1091 4412; x_wconf 76' lang='grc' dir='ltr'><em>μετρίως</em></span> <span class='ocrx_word' id='word_1_487' title='bbox 1108 4337 1186 4398; x_wconf 73' lang='grc' dir='ltr'><strong><em>ἐστὶν</em></strong></span> <span class='ocrx_word' id='word_1_488' title='bbox 1199 4339 1302 4398; x_wconf 64' lang='lat' dir='ltr'>lutrae</span> 
     </span>
    </p>
   </div>
   <div class='ocr_carea' id='block_1_6' title="bbox 190 4435 1089 4482">
    <p class='ocr_par' dir='ltr' id='par_1_7' title="bbox 190 4435 1089 4482">
     <span class='ocr_line' id='line_1_52' title="bbox 190 4435 1089 4482; baseline 0.004 -4"><span class='ocrx_word' id='word_1_489' title='bbox 190 4447 234 4479; x_wconf 86' lang='lat' dir='ltr'>oro.</span> <span class='ocrx_word' id='word_1_490' title='bbox 249 4448 311 4481; x_wconf 73' lang='lat' dir='ltr'>uano</span> <span class='ocrx_word' id='word_1_491' title='bbox 325 4449 409 4481; x_wconf 73' lang='lat' dir='ltr'>merua.</span> <span class='ocrx_word' id='word_1_492' title='bbox 1074 4435 1089 4482; x_wconf 83' lang='lat'>2</span> 
     </span>
    </p>
   </div>
   <div class='ocr_carea' id='block_1_7' title="bbox 0 0 1523 4876">
    <p class='ocr_par' dir='ltr' id='par_1_8' title="bbox 0 0 1523 4876">
     <span class='ocr_line' id='line_1_53' title="bbox 0 0 1523 4876; baseline 0 0"><span class='ocrx_word' id='word_1_493' title='bbox 0 0 1523 4876; x_wconf 95' lang='lat' dir='ltr'> </span> 
     </span>
    </p>
   </div>
  </div>
 </body>
</html>
