3054 4886
211 321 272 386 48·
569 317 660 373 orno
680 317 799 372 urion
815 315 903 384 xvii,
918 321 1026 372 sa-ec.

213 473 338 538 cultura
356 470 509 536 laudatur
530 471 564 534 in
587 491 625 534 eo
647 470 741 548 libro,
759 471 814 554 qui
836 473 885 534 est
907 469 946 534 de
961 467 1079 534 tuenda
1094 491 1129 533 re
1144 468 1305 552 familiari,
1327 471 1387 554 qui

213 557 471 623 ‘Oeconomicus'
493 556 696 619 inscribitur!
741 557 848 639 Atque
878 559 914 618 ut
940 553 1136 638 intellegatis
1158 554 1238 618 nihil
1263 555 1292 618 ei
1314 557 1387 618 tem

212 641 447 810 tuditi
462 637 1151 806 etltdtlttt‘ttltl’sitiit
1166 639 1276 808 itt
1289 639 1386 806 pli?

213 813 354 874 stantem
375 809 506 894 ingenio
535 812 630 892 atque
651 807 779 891 imperii
800 808 917 892 gloria,
940 772 1014 872 c⁷um
1035 806 1200 890 Lysander
1223 807 1385 874 Lacedae·

213 895 355 976 monius,
370 894 419 958 vir
433 914 575 958 summae
589 893 735 972 virtutis,
758 892 900 956 venisset
921 891 962 955 ad
984 913 1056 955 eum
1072 890 1179 956 Sardis
1193 893 1284 976 eique
1299 892 1386 956 dona

214 1001 233 1042 a
255 978 350 1043 sociis
373 978 549 1060 attulisset,
573 979 606 1042 et
626 977 742 1041 ceteris
763 977 798 1040 in
820 977 914 1041 rebus
938 997 1061 1040 comem
1084 996 1161 1060 erga
1182 976 1386 1060 Lysandrum

215 1068 310 1147 atque
331 1063 511 1126 humanum
531 1061 632 1126 fuisse
660 1065 692 1125 et
714 1062 743 1125 ei
766 1060 923 1145 quendam
947 1062 1155 1144 consaeptum
1177 1081 1292 1146 agrum
1313 1061 1385 1125 dili·

213 1151 328 1232 genter
351 1147 510 1212 consitum
533 1145 721 1211 ostendisse.
758 1144 840 1210 (lum
862 1149 968 1210 autem
990 1144 1201 1209 admiraretur
1222 1145 1387 1230 Lysander

215 1238 247 1295 et
268 1233 478 1315 proceritates
500 1231 649 1295 arborum
678 1234 711 1294 et
737 1229 882 1294 derectos
912 1231 946 1293 in
969 1229 1182 1314 quincuncem
1204 1231 1331 1294 ordines
1355 1233 1388 1294 et

214 1316 349 1380 humum
370 1317 536 1381 subactam
558 1318 653 1399 atque
667 1335 780 1398 puram
803 1317 835 1378 et
849 1315 1038 1378 suavitatem
1061 1314 1203 1394 odorum,
1227 1315 1282 1398 qui
1296 1313 1388 1378 affla-

215 1403 328 1464 rentur
350 1423 389 1464 ex
410 1399 558 1480 floribus,
589 1403 658 1463 tum
681 1419 752 1462 eum
775 1397 893 1462 dixisse
920 1399 1029 1462 mirari
1053 1419 1087 1462 se
1108 1419 1175 1463 non
1197 1397 1292 1463 modo
1315 1399 1386 1463 dili·

215 1485 374 1569 gentiam,
398 1483 453 1549 sed
475 1483 573 1549 etiam
595 1483 773 1547 sollertiam
798 1483 881 1564 eius,
905 1504 925 1546 a
947 1504 1009 1567 quo
1032 1485 1140 1547 essent
1161 1482 1217 1547 illa
1239 1483 1385 1547 dimensa

215 1572 310 1653 atque
339 1568 507 1652 discripta,
542 1572 574 1632 et
596 1567 717 1652 Cyrum
745 1567 964 1651 respondisse:
986 1568 1100 1650 ‘Atqui
1132 1587 1193 1651 ego
1222 1568 1285 1632 ista
1313 1589 1386 1632 sum

146 1672 148 1678 ·
213 1653 323 1718 omnia
337 1652 508 1734 dimensus,
525 1653 590 1716 mei
604 1655 680 1716 sunt
694 1651 837 1735 ordines,
852 1673 924 1716 mea
939 1652 1122 1735 discriptio,
1145 1651 1265 1715 multae
1288 1653 1387 1716 etiam

121 1743 132 1760 ⁴
214 1738 349 1802 istarum
371 1737 521 1802 arborum
542 1757 613 1821 mea
634 1758 733 1803 manu
754 1741 831 1801 sunt
852 1740 965 1802 satae)
996 1736 1079 1800 Tum
1101 1736 1313 1820 Lysandrum,
1336 1736 1387 1801 in-

214 1825 359 1886 tuentem
373 1843 546 1906 purpuram
562 1821 630 1886 eius
645 1825 678 1885 et
692 1822 830 1886 nitorem
846 1821 986 1905 corporis
1001 1823 1212 1904 ornatumque
1223 1819 1387 1886 Persicum

214 1907 315 1970 multo
342 1927 420 1970 auro
447 1906 619 1989 multisque
646 1906 798 1990 gemmis,
828 1905 961 1970 dixisse:
990 1903 1101 1970 ‘Recte
1122 1926 1198 1969 vero
1220 1909 1267 1989 te,
1292 1905 1386 1988 Cyre,

215 1990 343 2054 beatum
370 1991 495 2072 ferunt,
525 1989 675 2074 quoniam
703 1990 815 2054 virtuti
842 1993 917 2054 tuae
944 1989 1075 2054 fortuna
1103 1989 1275 2054 coniuncta
1298 1991 1362 2053 esti

166 2079 258 2143 60.-
281 2073 352 2140 Hac
373 2075 474 2158 igitur
495 2075 625 2138 fortuna
647 2073 711 2138 frui
733 2074 810 2138 licet
831 2074 971 2155 senibus,
999 2095 1058 2138 nec
1074 2076 1161 2138 actas
1176 2073 1310 2157 impedit
1324 2096 1387 2158 quo

215 2158 321 2222 minus
344 2160 377 2222 et
399 2161 575 2222 ceterarum
596 2179 703 2222 rerum
726 2161 759 2223 et
780 2159 815 2222 in
837 2159 949 2242 primis
971 2159 1041 2243 agri
1065 2158 1190 2223 colendi
1213 2159 1318 2222 studia
1339 2161 1386 2222 te-

215 2263 348 2306 neamus
369 2263 470 2326 usque
497 2241 539 2322 ad
560 2242 707 2306 ultimum
729 2246 855 2327 tempus
878 2243 1060 2308 senectutis.
1104 2242 1148 2306 M.
1172 2241 1299 2326 quidem
1323 2243 1387 2308 Va·

215 2327 330 2392 larium
353 2325 528 2392 Corvinum
551 2327 731 2411 accepimus
754 2327 794 2391 ad
818 2329 1028 2393 centesimum
1050 2349 1172 2405 annum
1190 2328 1386 2412 perduxisse,

249 2534 282 2582 at
309 2529 485 2598 iutellcqutia.
532 2529 558 2586 S.
583 2545 618 2582 zu
641 2534 664 2594 ξ,
683 2535 714 2583 52
742 2535 776 2584 ut
827 2535 868 2592 26,
882 2533 915 2583 80
940 2529 1018 2599 Quis,
1037 2543 1144 2597 quaeso,
1162 2530 1243 2583 illum
1259 2534 1344 2600 nepot
1361 2535 1386 2584 et

214 2598 343 2652 comatis.
827 2598 926 2651 mrum
937 2597 1029 2651 cirum
1047 2603 1072 2651 ct
1084 2611 1184 2651 comem
1199 2603 1224 2651 et
1235 2599 1386 2653 bunarium

249 2667 282 2719 iu
301 2679 331 2718 eo
348 2665 431 2729 libro,
454 2663 578 2718 ntmlich
590 2663 659 2721 Xon.
673 2663 775 2719 Oecou.
829 2664 923 2731 faisse.
1048 2677 1056 2687 ·

215 2738 241 2797 4,
250 2737 352 2786 20-23
370 2732 427 2784 und
439 2737 481 2794 26,
498 2746 598 2784 weron
615 2731 660 2786 die
673 2732 776 2786 betres-
861 2732 972 2785 humum
998 2733 1139 2786 acutam
1166 2737 1204 2798 (s.
1234 2750 1268 2786 nu
1294 2737 1318 2797 ἕ,
1337 2735 1385 2799 51)

215 2799 317 2852 fenden
336 2797 434 2852 Worte
458 2799 507 2851 des
529 2797 776 2862 252442124θί-
827 2804 1026 2868 atquepuram.
1050 2799 1208 2867 Xenophon
1217 2799 1307 2854 bietet
1315 2801 1385 2854 statt

215 2851 510 2934 nischellbersetaung
522 2864 665 2934 gatem—
678 2867 775 2930 Cicero
828 2867 941 2921 dassen:
971 2861 1097 2934 εὐγώνιοι
1121 2865 1154 2920 el
1179 2865 1276 2922 πάντα
1293 2868 1387 2929 καλῶς

215 2933 294 2987 hatte
319 2932 349 2986 in
367 2932 459 2988 seiner
476 2933 589 3002 Jugend
603 2932 670 3001 jane
709 2949 777 2988 anne
830 2936 884 3002 εἴη.
913 2932 1059 2987 Vielleicht
1074 2933 1193 2992 haldis.
1209 2937 1269 2990 eine
1283 2935 1385 2988 andere

217 2999 322 3054 Schrift
351 3002 400 3056 des
428 3000 586 3071 Xenophon
614 2999 658 3054 ins
684 2951 777 3055 Latei-
828 3001 927 3054 Lesart
953 3003 1039 3064 (etwa
1061 2995 1191 3070 siyerc?)
1218 3018 1268 3056 vor
1286 3005 1386 3070 Augen

216 3069 312 3122 nische
335 3069 507 3138 fibertragen
532 3067 599 3136 (Cic.
623 3069 658 3122 de
683 3069 728 3122 off.
752 3076 776 3134 2,
829 3068 944 3138 gehabt.
963 3067 1029 3137 Vgl.
1043 3071 1116 3122 auch
1128 3085 1163 3122 zu
1176 3075 1239 3136 §.81
1253 3075 1285 3124 ar
1297 3070 1385 3127 dean.

216 3141 259 3201 24,
275 3139 332 3203 87).
863 3136 996 3194 dimensa.
1034 3135 1348 3205 seueritatem.

252 3204 302 3271 qui
313 3243 319 3256 .
334 3245 340 3256 .
353 3203 525 3276 inscribitur.
561 3203 587 3256 S.
606 3220 641 3255 au
660 3208 682 3268 ξ.
702 3209 742 3260 13.
863 3204 999 3270 discripta
1021 3235 1054 3243 -
1077 3204 1229 3272 discriptio.
1266 3205 1323 3258 Das
1343 3205 1385 3258 di·

253 3271 358 3336 cyrum
377 3313 382 3324 .
403 3313 409 3324 .
429 3270 530 3336 subse,
554 3271 648 3324 abban
670 3272 699 3338 ‘g
721 3287 776 3342 von
828 3270 908 3324 weist
920 3273 971 3325 auf
981 3271 1154 3341 denBegriff
1163 3271 1386 3339 deerrteilang

217 3337 309 3391 ciuem
336 3354 385 3390 aus
407 3339 462 3392 den
484 3337 603 3391 Worten
630 3378 646 3403 ‚‚
664 3339 778 3406 oquitur
828 3337 889 3397 him
913 3340 968 3408 vgl.
988 3339 1043 3396 Cic.
1062 3339 1097 3393 de
1115 3339 1161 3397 off.
1182 3347 1208 3400 1,
1227 3346 1255 3406 7,
1274 3346 1305 3392 21
1327 3341 1385 3407 pri·

216 3419 279 3458 cum
298 3404 364 3459 Or.“
385 3422 420 3458 aa
444 3404 671 3459 entnehmenden
689 3405 776 3475 allge-
827 3411 956 3462 rotarum
970 3407 1171 3474 paremniacum
1190 3407 1343 3474 discriptio.

216 3472 328 3526 meinen
350 3473 428 3526 verb.
447 3471 566 3528 dicendi.
604 3471 640 3526 So
660 3473 715 3526 Cic.
739 3474 776 3527 ad
861 3475 985 3528 nitorem.
1023 3472 1065 3530 Cf,
1079 3474 1135 3528 Oic.
1149 3471 1209 3528 una.
1222 3481 1247 3540 2,
1261 3482 1285 3540 3,
1300 3480 1316 3528 5
1333 3475 1385 3528 Ni·

216 3541 276 3595 Att.
296 3545 319 3604 1,
337 3544 361 3605 5,
381 3545 396 3593 6
414 3539 524 3593 Mecum
541 3539 651 3596 Tadius
667 3541 774 3596 locutus
828 3546 893 3596 icat,
920 3542 1083 3611 micaenas,
1112 3542 1221 3620 satyrici
1245 3553 1384 3609 masura.

217 3612 256 3660 est
271 3611 299 3661 te
314 3607 358 3660 'ita
373 3607 521 3674 scripsisse.
539 3637 572 3647 —-
599 3608 702 3677 (lyrica
725 3609 776 3663 mi·
826 3609 878 3662 Bei
893 3608 963 3663 Xen.
982 3609 1000 3661 l.
1018 3609 1036 3665 l.
1056 3609 1212 3677 entspncht
1229 3609 1317 3664 daber
1334 3611 1385 3678 τῆς

216 3689 324 3728 aorem:
341 3674 471 3742 dagegen
481 3682 521 3734 22,
532 3681 565 3728 79
579 3675 670 3745 (lyrae
677 3677 775 3730 maior.
827 3673 916 3746 ὀσμῆς
935 3675 1120 3744 αἰσθόμενος,

250 3757 350 3810 reperi,
390 3742 452 3795 hier
486 3767 520 3787 =
554 3742 776 3813 koniglicher
839 3745 961 3797 'vinuli
973 3742 1048 3796 steht
1057 3743 1110 3796 mit
1119 3743 1288 3798 Nachdruclr
1298 3759 1384 3798 voran

217 3809 331 3876 Prius,
349 3809 403 3862 wie
414 3809 469 3863 Cic.
480 3809 559 3863 Verr.
569 3817 594 3874 4,
604 3817 645 3878 27,
656 3817 688 3864 61
701 3826 776 3880 reyes
827 3805 955 3878 (ἀγαθὸς
967 3808 1022 3880 γὰρ
1034 3801 1074 3863 dr
1085 3805 1282 3882 εὐδαιμονεῖς,
1295 3810 1384 3875 Xan).

217 3876 325 3941 Seiae,
342 3877 415 3945 repis
431 3877 563 3933 Antiochi
579 3879 652 3946 filios
666 3893 774 3946 pucros.
861 3883 884 3943 ξ.
902 3885 942 3933 60.
973 3877 1147 3946 perducisar.
1182 3878 1261 3932 Danu
1281 3878 1319 3932 ist
1335 3878 1385 3932 das

217 3893 328 4000 Eieneo
351 3944 380 3996 in
403 3943 467 3998 dem
486 3963 520 3998 zu
539 3944 654 4028 Grunde
671 3947 775 4026 liegen-
828 3945 902 4000 oben
920 3947 967 3999 bei
983 3951 1124 4000 teneamus
1135 3945 1271 4000 stchende
1284 3945 1385 4014 Oby'ect

217 4010 353 4067 denXeu.
366 4010 505 4077 Oecou.4,
520 4018 565 4068 16:
584 4031 671 4078 consp
691 4015 774 4068 scio·
827 4013 972 4066 nochmals
990 4031 1024 4066 au
1042 4017 1190 4082 ergtnzen.
1225 4012 1289 4082 Vgl.
1309 4011 1383 4069 Lael.

217 4077 375 4146 κιμιότατος
386 4077 428 4147 δὴ
439 4077 604 4146 βασιλεὺς
614 4079 775 4149 γεγένηται.
828 4087 868 4146 10,
878 4088 911 4135 33
920 4081 939 4133 f.
952 4081 1025 4149 quod
1031 4097 1182 4150 puerorum
1191 4095 1296 4135 amores
1305 4090 1385 4148 carpe·

251 4147 346 4200 ceteras
362 4147 395 4200 ia
412 4147 499 4202 rebus.
535 4147 562 4200 S.
580 4165 614 4200 zu
632 4153 654 4212 ς.
674 4153 691 4201 4
708 4153 786 4203 cete:
825 4163 886 4202 urea
898 4155 1115 4216 crempraeteatc
1126 4153 1385 4217 temperamentum

216 4229 314 4268 rarum
330 4230 430 4268 rerwm.
824 4217 871 4269 siu
892 4223 984 4269 autem
1010 4217 1049 4270 cd
1077 4217 1293 4270 adulescentiam
1311 4231 1384 4283 per·

251 4295 349 4335 comem
372 4281 455 4350 (auch
474 4282 534 4335 cod.
552 4280 582 4336 L.
600 4281 652 4334 hat
668 4286 773 4350 comen)
826 4282 1175 4352 duxissent(erg.pucri
1185 4297 1290 4337 macres
1299 4290 1383 4348 aros),

217 4349 470 4415 atquetiimaacm.
493 4347 556 4416 Vgl.
571 4347 625 4402 Cic.
641 4349 733 4403 defin.
746 4356 773 4417 2,
825 4352 890 4403 cett.
1111 4361 1114 4366 ·
