3028 4876
480 311 574 367 cluo
592 308 711 367 malon
728 310 826 378 xmu,
845 317 955 369 er-cs.
1073 266 1078 278 Ι
1270 314 1306 378 61

140 463 299 548 paenitet,
329 462 479 547 quoniam
506 463 554 527 ita
581 463 664 545 vixi,
692 467 728 528 ut
755 485 822 528 non
847 465 967 529 frustra
994 485 1045 528 me
1071 467 1182 529 natum
1205 465 1312 530 existi·

141 570 241 628 mem,
270 552 303 612 et
331 568 370 610 ex
397 547 464 611 vita
491 547 538 611 ita
559 547 687 613 discedo
708 551 872 632 tamquam
894 571 933 614 ex
961 549 1115 633 hospitia,
1143 570 1210 614 non
1230 553 1313 614 tam·

70 640 74 646 '
141 655 238 717 quam
260 653 278 696 e
300 632 403 696 domo.
454 630 683 696 Commorandi
711 633 798 697 euim
825 637 941 698 natura
969 633 1180 698 diversorium
1207 635 1340 718 nobis„

140 739 209 782 non
231 716 399 781 habitandi
422 714 517 780 dedit
563 715 590 781 Ο
613 717 811 800 praeclarum
833 717 916 782 diem
939 739 1011 783 cum
1026 717 1061 782 in
1075 717 1156 783 illud
1170 718 1313 783 divinum

36 860 41 868 .
142 802 322 866 animorum
345 800 518 864 concilium
541 805 730 886 coetumque
744 801 928 885 proficiscar
943 823 1077 886 cumque
1092 823 1131 866 ex
1142 801 1203 867 hae
1217 804 1314 867 turba

141 892 175 950 et
203 885 380 951 colluvione
408 884 584 950 discedam!
635 884 824 951 Proficiscar
852 886 937 950 enim
963 907 1030 952 non
1059 887 1099 950 ad
1129 908 1182 952 cos
1210 888 1313 952 solum

142 971 246 1054 viros,
271 962 310 1034 de
335 969 451 1054 quibus
478 974 554 1034 ante
581 969 662 1054 dixi,
690 991 801 1034 verum
830 971 926 1035 etiam
955 971 996 1034 ad
1019 969 1175 1036 Catonem
1196 993 1311 1051 meum,

141 1076 206 1138 quo
228 1067 323 1120 nemo
344 1053 393 1118 vir
407 1053 520 1119 melior
534 1057 629 1118 natus
645 1057 701 1138 est,
723 1076 818 1119 nemo
831 1055 954 1138 pietate
969 1055 1200 1138 praestantior:
1224 1055 1313 1121 cuius

141 1161 161 1202 a
183 1161 234 1204 me
257 1159 372 1222 corpus
395 1142 444 1204 est
466 1141 641 1204 crematum
665 1137 763 1226 (quod
786 1143 897 1204 contra
913 1137 1020 1204 decuit
1041 1140 1083 1204 ab
1104 1140 1160 1206 illo
1182 1144 1311 1222 meum),

142 1224 270 1287 animus
291 1243 378 1305 vero,
400 1244 466 1286 non
489 1245 540 1288 me
563 1223 721 1301 deserens,
743 1224 1018 1308 sedrespectans,
1046 1224 1082 1288 in
1109 1245 1147 1288 aa
1168 1225 1313 1309 proiecto

142 1308 212 1373 loca
229 1307 390 1390 discessit,
413 1328 477 1391 quo
499 1307 579 1372 mihi
600 1309 663 1392 ipsi
692 1308 845 1374 cernebat
865 1329 935 1374 esse
964 1307 1167 1372 veniendum.
1212 1309 1315 1384 Quem

141 1412 202 1477 ego
225 1413 331 1458 meum
353 1412 462 1457 casum
484 1391 612 1456 fortiter
625 1393 710 1457 ferre
725 1394 812 1457 visus
828 1413 908 1475 sum,
930 1414 996 1457 non
1011 1413 1074 1477 quo
1089 1414 1191 1477 aequo
1208 1395 1315 1459 animo

140 1477 273 1560 ferrem,
308 1475 364 1540 sed
389 1498 441 1541 mc
468 1476 538 1560 ipse
572 1477 760 1542 consolabar
787 1477 975 1544 existimans
1008 1498 1075 1542 non
1101 1476 1314 1562 longinquum

141 1561 227 1625 inter
248 1582 307 1626 nos
330 1560 509 1646 digressum
532 1565 565 1626 ct
587 1561 762 1626 discessum
782 1562 864 1626 fore.

227 1693 288 1759 His
310 1694 390 1760 mihi
410 1696 517 1777 rebus,
541 1695 660 1779 Scipio,
676 1696 766 1759 -id
788 1696 874 1761 enim
896 1699 928 1761 te
950 1718 1022 1761 cum
1036 1696 1146 1761 Laelio
1161 1695 1313 1760 admirari
1324 1701 1366 1766 85

143 1779 245 1844 solere
268 1779 378 1843 dixisti
393 1818 433 1828 -
447 1779 540 1844 levis·
550 1783 600 1843 est
621 1783 777 1864 senectus,
799 1801 860 1846 nec
882 1781 985 1845 solum
1006 1801 1073 1845 non
1094 1781 1241 1862 molesta,
1258 1780 1314 1844 sed

143 1864 241 1928 etiam
263 1863 412 1928 iucunda.
449 1863 540 1938 Quod
562 1864 647 1928 siin
669 1869 729 1929 hoc
751 1885 831 1946 erro,
856 1867 910 1948 qui
933 1865 1059 1929 animos
1074 1864 1241 1929 hominum
1256 1865 1313 1928 im·

142 1948 294 2012 mortales
320 1969 389 2012 esse
417 1948 560 2031 credam,
590 1949 729 2014 libenter
756 1970 827 2014 erro
855 1970 917 2013 nec
945 1948 1023 2013 mihi
1050 1948 1137 2014 hunc
1165 1969 1314 2032 errorem,

144 2052 206 2116 quo
228 2031 382 2114 delector,
404 2029 480 2096 dum
502 2033 592 2114 vivo,
616 2034 802 2118 extorqueri
824 2034 913 2117 volo;
936 2035 985 2098 sin
1008 2036 1168 2116 mortuus,
1190 2039 1227 2098 ut
1248 2033 1315 2117 qui-

144 2119 219 2180 dam
241 2117 357 2180 minuti
378 2115 562 2201 philosophi
584 2121 731 2200 censent,
759 2119 844 2183 nihil
871 2119 1039 2200 sentiam,
1053 2139 1121 2182 non
1143 2139 1254 2182 vereor
1275 2139 1316 2181 ne

145 2201 232 2264 huno
254 2221 394 2265 errorem
415 2222 522 2266 meum
536 2202 723 2286 philosophi
744 2203 861 2267 mortui
883 2202 1045 2267 irrideant.
1091 2202 1183 2277 Quod
1206 2203 1234 2266 si
1248 2222 1316 2265 non

103 2332 105 2339 .
146 2306 254 2349 sumus
275 2285 472 2349 immortales
494 2285 605 2364 futuri,
628 2291 737 2350 tamen
759 2287 922 2371 exstingui
944 2286 1068 2351 homini
1091 2307 1148 2351 suo
1171 2290 1316 2369 tempore

145 2368 287 2452 optabile
314 2371 373 2432 est.
417 2367 502 2432 Nam
524 2369 622 2432 hahet
643 2373 777 2454 natura,
805 2374 842 2435 ut
868 2371 1002 2435 aliarum
1031 2371 1175 2435 omnium
1196 2392 1314 2453 rerum,

146 2454 193 2516 sio
216 2451 344 2516 vivendi
366 2453 506 2516 modum.
551 2451 705 2517 Senectus
733 2459 839 2518 autem
863 2455 978 2519 aetatis
1000 2458 1049 2519 est
1069 2454 1211 2538 peractio
1233 2458 1315 2519 tam-

182 2721 380 2786 devorsorium
403 2737 434 2775 so
457 2720 529 2775 auch
550 2735 602 2788 pro
625 2721 706 2775 Rosa.
758 2737 836 2791 quem
853 2728 950 2776 eontra
969 2722 1051 2788 dicit3
1070 2721 1105 2777 de
1122 2721 1177 2776 inv.
1192 2728 1215 2788 1,
1228 2727 1270 2788 28,
1283 2727 1315 2774 41

146 2789 209 2845 Am.
231 2793 277 2852 46,
304 2794 363 2854 134,
387 2788 445 2842 und
469 2789 652 2844 deverteretur
669 2788 707 2842 ad
758 2790 785 2843 ee'
801 2791 916 2859 nepote,
935 2804 987 2858 quo
1005 2789 1040 2844 de
1056 2790 1159 2859 opiter.

146 2855 205 2911 Ait.
224 2862 248 2919 3,
268 2861 291 2921 7,
312 2863 335 2909 1.
792 2875 826 2928 ab
842 2874 891 2928 illo
908 2889 1006 2940 merem,
1024 2891 1050 2928 n.
1070 2874 1195 2931 aarum.

181 2970 239 3010 reon
264 2955 420 3011 hoffltuadi.
456 2956 533 3009 Danu
556 2973 631 3010 mass
657 2973 706 3010 aus
790 2962 952 3026 respecturos,
970 2957 1023 3012 wie
1042 2958 1087 3011 ein
1103 2957 1317 3025 Vorausgahen-

147 3023 331 3078 diversorium
349 3024 395 3078 ein
406 3024 589 3092 allgameiner
600 3023 710 3093 Begriff
757 3025 808 3080 der
824 3025 970 3102 mehrfach
982 3024 1193 3090 zurfickschaut,
1211 3025 1247 3078 ob
1266 3024 1317 3078 der

147 3091 646 3226 tereramunda·
757 3088 1042 3244 <¹st
1056 3092 1317 3230 reterri„

147 3220 257 3347 ἓὶλῖλξᾶξ
268 3213 429 3347 ξκὸμὲἷλξέ
426 3225 603 3360 ἒαίῑὲνὲἓὶᾱζ
605 3221 706 3347 3513,
757 3259 888 3312 wegung,
906 3244 958 3296 mit
970 3242 1139 3322 Glei'chmut.
1169 3242 1234 3311 Vgl.
1248 3241 1315 3323 Sall.

189 3311 423 3432 eatotanpmeom
431 3400 465 3422 =
473 3312 607 3455 oprimdqn
618 3314 709 3454 fidum
758 3309 1069 3447 idduapcdtat‘tudtqltbd
1084 3325 1200 3432 dmg
1208 3309 1318 3446 diditi

147 3447 204 3513 (19,
223 3450 268 3510 68,
288 3449 312 3505 6,
327 3448 377 3511 15),
395 3443 464 3522 Vgl3
475 3444 547 3496 auch
559 3442 708 3522 (hcepist.
794 3467 817 3528 ἕ.
835 3468 875 3516 95,
912 3462 1027 3528 dipem,
1045 3461 1118 3516 oben
1136 3468 1160 3528 2,
1178 3467 1203 3516 4,

146 3510 402 3592 4’·⁶'1M·Gat⁰’
415 3527 463 3590 Ψ
476 3525 599 3590 mmm-⁰
616 3526 709 3580 '⁹⁸9⁰'
794 3545 842 3600 sed
859 3547 950 3604 dium.
986 3544 1317 3611 secernerentur

147 3595 220 3645 aro,
242 3594 367 3633 semma
389 3583 520 3633 vertute
530 3579 573 3698 pl

573 3595 632 3634 euru
645 3594 709 3645 per·
791 3613 798 3626 ·

148 3647 233 3701 didit.
259 3676 292 3685 -
317 3635 456 3716 librigens
478 3645 529 3698 wir
567 3646 617 3700 der
634 3645 709 3700 Sohn
760 3617 852 3667 mam·

149 3714 197 3768 bei
214 3714 270 3766 den
281 3713 405 3768 Romern
416 3728 500 3781 sogor
512 3728 577 3766 vom
590 3712 709 3780 eigenen
793 3698 819 3752 ³5
844 3697 877 3775 ill
897 3697 946 3751 ¹²00
969 3712 1037 3752 em·
1063 3697 1211 3776 ,Zufliner
1229 3697 1318 3774 villig

153 3781 241 3834 vater
259 3781 342 3834 meist
358 3781 411 3833 mit
422 3781 487 3834 dem
498 3795 645 3850 comme„
662 3796 710 3848 ge.
760 3764 1005 3819 unzwerfclhaften
1023 3764 1182 3834 objectiven
1200 3763 1317 3818 Gewrss-

148 3848 251 3914 nannt3
270 3865 293 3900 e.
312 3847 342 3906 B.
362 3847 418 3902 Cic.
430 3849 512 3928 epist.
526 3854 566 3914 14,
585 3856 610 3915 5,
631 3853 644 3900 1
663 3862 710 3917 epo
760 3831 821 3910 hait
838 3832 889 3910 der
908 3831 1147 3911 [lusterbliohkeit
1163 3831 1269 3915 konnte
1288 3848 1317 3886 es

148 3921 175 3970 ee
208 3915 389 3970 suavissimus
420 3915 538 3969 omero
572 3916 710 3980 mmm
760 3899 805 3952 d1e
834 3899 996 3954 heidmsche
1025 3897 1206 4020 Philosophia
1235 3897 1317 3952 uber-

149 3983 185 4036 de
203 3982 250 4036 off.
271 3989 293 4049 1,
313 3988 336 4050 1,
356 3990 371 4037 3
388 3980 533 4038 miOicero
551 3984 596 4050 (ε
612 3983 710 4036 Marce
759 3966 1099 4048 hstFPi‚¹150hlb,1'lssgen·
1159 3983 1223 4018 ΛΠ
1241 3971 1266 4032 t·
1286 3972 1317 4021 ⁷⁷

147 4051 192 4118 fili
208 4055 232 4114 ξ,
254 4052 289 4117 1).
760 4037 829 4102 qued
844 4050 904 4102 epse
923 4039 1047 4092 sentium,
1103 4077 1105 4082 .

185 4133 258 4200 quod
293 4137 403 4188 cerere.-
447 4133 623 4201 Anastrophe
658 4132 709 4188 der
793 4119 950 4187 eximium
967 4118 1035 4173 ⁴⁷⁰2st
1071 4115 1099 4176 S·
1116 4122 1213 4183 ΖΠΗ
1231 4118 1319 4173 levari

150 4198 339 4269 Praepositam
358 4203 412 4255 wie
429 4200 504 4256 Lael.
522 4207 566 4269 24,
584 4208 618 4256 eo
635 4201 708 4270 quoe
758 4187 826 4242 0⁰1⁰·

148 4274 247 4322 contra
264 4270 403 4336 oportebat
420 4269 520 4324 delicto
536 4269 634 4334 dolere,
651 4283 709 4324 cor·
792 4285 888 4324 merus
900 4315 906 4327 .
920 4307 927 4322 .
942 4269 1062 4335 .fatari.
1085 4269 1113 4324 S.
1131 4286 1164 4322 zu
1181 4274 1205 4335 5.
1220 4276 1236 4324 6
1253 4286 1318 4340 pre·

61 4385 67 4396 ,
148 4337 268 4390 rectinere
279 4336 415 4405 φανεῖσα,
431 4335 503 4390 Phil.
518 4343 543 4404 2,
555 4341 581 4403 8,
596 4342 627 4393 18
640 4352 708 4403 eam,
759 4341 819 4391 tum
835 4335 965 4402 faturum
982 4343 1028 4392 est.
