<?xml version="1.0" encoding="UTF-8"?>
<!DOCTYPE html PUBLIC "-//W3C//DTD XHTML 1.0 Transitional//EN"
    "http://www.w3.org/TR/xhtml1/DTD/xhtml1-transitional.dtd">
<html xmlns="http://www.w3.org/1999/xhtml" xml:lang="en" lang="en">
 <head>
  <title>
</title>
<meta http-equiv="Content-Type" content="text/html;charset=utf-8" />
  <meta name='ocr-system' content='tesseract 3.04.00' />
  <meta name='ocr-capabilities' content='ocr_page ocr_carea ocr_par ocr_line ocrx_word'/>
</head>
<body>
  <div class='ocr_page' id='page_1' title='image "./mtulliiciceroni00lahmgoog_0066.png"; bbox 0 0 3028 4876; ppageno 0'>
   <div class='ocr_carea' id='block_1_1' title="bbox 222 336 1092 414">
    <p class='ocr_par' dir='ltr' id='par_1_1' title="bbox 222 336 1092 414">
     <span class='ocr_line' id='line_1_1' title="bbox 222 336 1092 414; baseline 0.003 -23"><span class='ocrx_word' id='word_1_1' title='bbox 222 337 265 403; x_wconf 84' lang='lat'><strong>54</strong></span> <span class='ocrx_word' id='word_1_2' title='bbox 532 337 627 392; x_wconf 79' lang='lat' dir='ltr'><strong>caro</strong></span> <span class='ocrx_word' id='word_1_3' title='bbox 648 336 766 392; x_wconf 76' lang='lat' dir='ltr'><strong>aaron</strong></span> <span class='ocrx_word' id='word_1_4' title='bbox 784 337 858 404; x_wconf 81' lang='lat' dir='ltr'><strong>xix,</strong></span> <span class='ocrx_word' id='word_1_5' title='bbox 878 343 908 392; x_wconf 81' lang='lat' dir='ltr'><strong>a</strong></span> <span class='ocrx_word' id='word_1_6' title='bbox 925 367 957 378; x_wconf 86' lang='lat'><em>-</em></span> <span class='ocrx_word' id='word_1_7' title='bbox 970 337 1031 404; x_wconf 84' lang='lat' dir='ltr'><strong>xx,</strong></span> <span class='ocrx_word' id='word_1_8' title='bbox 1043 344 1092 414; x_wconf 65' lang='lat' dir='ltr'><strong>aa.</strong></span> 
     </span>
    </p>
   </div>
   <div class='ocr_carea' id='block_1_2' title="bbox 160 489 1496 2265">
    <p class='ocr_par' dir='ltr' id='par_1_2' title="bbox 160 489 1496 2265">
     <span class='ocr_line' id='line_1_2' title="bbox 225 489 1403 587; baseline 0.002 -35"><span class='ocrx_word' id='word_1_9' title='bbox 225 492 370 572; x_wconf 88' lang='lat' dir='ltr'><strong>sumptus</strong></span> <span class='ocrx_word' id='word_1_10' title='bbox 392 489 480 587; x_wconf 84' lang='lat' dir='ltr'><strong>ignis</strong></span> <span class='ocrx_word' id='word_1_11' title='bbox 503 490 735 576; x_wconf 79' lang='lat' dir='ltr'><strong>exstinguitur:</strong></span> <span class='ocrx_word' id='word_1_12' title='bbox 758 493 791 554; x_wconf 89' lang='lat' dir='ltr'><strong>et</strong></span> <span class='ocrx_word' id='word_1_13' title='bbox 812 490 902 574; x_wconf 83' lang='lat' dir='ltr'>quasi</span> <span class='ocrx_word' id='word_1_14' title='bbox 924 510 1022 574; x_wconf 89' lang='lat' dir='ltr'><strong>poma</strong></span> <span class='ocrx_word' id='word_1_15' title='bbox 1044 512 1082 554; x_wconf 85' lang='lat' dir='ltr'><strong>ex</strong></span> <span class='ocrx_word' id='word_1_16' title='bbox 1098 489 1275 574; x_wconf 85' lang='lat' dir='ltr'><strong>arboribus,</strong></span> <span class='ocrx_word' id='word_1_17' title='bbox 1301 491 1403 554; x_wconf 85' lang='lat' dir='ltr'><strong>cruda</strong></span> 
     </span>
     <span class='ocr_line' id='line_1_3' title="bbox 224 574 1402 658; baseline 0.001 -21"><span class='ocrx_word' id='word_1_18' title='bbox 224 575 251 637; x_wconf 86' lang='lat' dir='ltr'><strong>si</strong></span> <span class='ocrx_word' id='word_1_19' title='bbox 274 577 361 657; x_wconf 90' lang='lat' dir='ltr'><strong>sunt,</strong></span> <span class='ocrx_word' id='word_1_20' title='bbox 383 596 437 638; x_wconf 79' lang='lat' dir='ltr'><strong>vix</strong></span> <span class='ocrx_word' id='word_1_21' title='bbox 460 574 650 657; x_wconf 86' lang='lat' dir='ltr'><strong>evelluntur,</strong></span> <span class='ocrx_word' id='word_1_22' title='bbox 674 577 702 640; x_wconf 93' lang='lat' dir='ltr'><strong>si</strong></span> <span class='ocrx_word' id='word_1_23' title='bbox 724 578 850 638; x_wconf 84' lang='lat' dir='ltr'><strong>matura</strong></span> <span class='ocrx_word' id='word_1_24' title='bbox 866 578 898 639; x_wconf 92' lang='lat' dir='ltr'><strong>et</strong></span> <span class='ocrx_word' id='word_1_25' title='bbox 919 579 1019 655; x_wconf 87' lang='lat' dir='ltr'><strong>cocta,</strong></span> <span class='ocrx_word' id='word_1_26' title='bbox 1043 575 1203 658; x_wconf 85' lang='lat' dir='ltr'><strong>decidunt,</strong></span> <span class='ocrx_word' id='word_1_27' title='bbox 1226 575 1273 639; x_wconf 90' lang='lat' dir='ltr'><strong>sic</strong></span> <span class='ocrx_word' id='word_1_28' title='bbox 1296 575 1402 639; x_wconf 89' lang='lat' dir='ltr'><strong>vitam</strong></span> 
     </span>
     <span class='ocr_line' id='line_1_4' title="bbox 224 657 1401 743; baseline 0.002 -23"><span class='ocrx_word' id='word_1_29' title='bbox 224 657 482 742; x_wconf 77' lang='lat' dir='ltr'><strong>adulescentibus</strong></span> <span class='ocrx_word' id='word_1_30' title='bbox 505 659 553 722; x_wconf 86' lang='lat' dir='ltr'><strong>vis</strong></span> <span class='ocrx_word' id='word_1_31' title='bbox 575 660 690 743; x_wconf 80' lang='lat' dir='ltr'><strong>aufert,</strong></span> <span class='ocrx_word' id='word_1_32' title='bbox 710 659 840 723; x_wconf 86' lang='lat' dir='ltr'><strong>senibus</strong></span> <span class='ocrx_word' id='word_1_33' title='bbox 855 660 1040 740; x_wconf 88' lang='lat' dir='ltr'><strong>maturitas;</strong></span> <span class='ocrx_word' id='word_1_34' title='bbox 1062 680 1143 743; x_wconf 90' lang='lat' dir='ltr'><strong>qnae</strong></span> <span class='ocrx_word' id='word_1_35' title='bbox 1166 659 1294 743; x_wconf 90' lang='lat' dir='ltr'><strong>quidem</strong></span> <span class='ocrx_word' id='word_1_36' title='bbox 1317 659 1401 723; x_wconf 91' lang='lat' dir='ltr'><strong>mihi</strong></span> 
     </span>
     <span class='ocr_line' id='line_1_5' title="bbox 222 742 1401 829; baseline 0.001 -23"><span class='ocrx_word' id='word_1_37' title='bbox 222 744 290 806; x_wconf 89' lang='lat' dir='ltr'><strong>tam</strong></span> <span class='ocrx_word' id='word_1_38' title='bbox 312 743 451 807; x_wconf 87' lang='lat' dir='ltr'><strong>iucunda</strong></span> <span class='ocrx_word' id='word_1_39' title='bbox 473 747 536 825; x_wconf 88' lang='lat' dir='ltr'><strong>est,</strong></span> <span class='ocrx_word' id='word_1_40' title='bbox 560 747 613 826; x_wconf 89' lang='lat' dir='ltr'><strong>ut,</strong></span> <span class='ocrx_word' id='word_1_41' title='bbox 637 765 699 828; x_wconf 89' lang='lat' dir='ltr'><strong>quo</strong></span> <span class='ocrx_word' id='word_1_42' title='bbox 721 745 870 829; x_wconf 88' lang='lat' dir='ltr'><strong>proprius</strong></span> <span class='ocrx_word' id='word_1_43' title='bbox 894 745 932 807; x_wconf 89' lang='lat' dir='ltr'><strong>ad</strong></span> <span class='ocrx_word' id='word_1_44' title='bbox 956 747 1092 808; x_wconf 89' lang='lat' dir='ltr'><strong>mortem</strong></span> <span class='ocrx_word' id='word_1_45' title='bbox 1114 742 1281 826; x_wconf 88' lang='lat' dir='ltr'><strong>accedam,</strong></span> <span class='ocrx_word' id='word_1_46' title='bbox 1305 743 1401 828; x_wconf 90' lang='lat' dir='ltr'><strong>quasi</strong></span> 
     </span>
     <span class='ocr_line' id='line_1_6' title="bbox 222 827 1399 913; baseline 0.003 -24"><span class='ocrx_word' id='word_1_47' title='bbox 222 828 341 890; x_wconf 89' lang='lat' dir='ltr'><strong>terram</strong></span> <span class='ocrx_word' id='word_1_48' title='bbox 362 827 469 891; x_wconf 85' lang='lat' dir='ltr'><strong>videre</strong></span> <span class='ocrx_word' id='word_1_49' title='bbox 491 827 602 892; x_wconf 79' lang='lat' dir='ltr'><strong>videar</strong></span> <span class='ocrx_word' id='word_1_50' title='bbox 623 829 666 892; x_wconf 87' lang='lat' dir='ltr'><strong>ali</strong></span> <span class='ocrx_word' id='word_1_51' title='bbox 688 829 857 912; x_wconf 82' lang='lat' dir='ltr'><strong>nandoque</strong></span> <span class='ocrx_word' id='word_1_52' title='bbox 879 828 912 892; x_wconf 93' lang='lat' dir='ltr'><strong>in</strong></span> <span class='ocrx_word' id='word_1_53' title='bbox 936 833 1065 912; x_wconf 87' lang='lat' dir='ltr'><strong>portum</strong></span> <span class='ocrx_word' id='word_1_54' title='bbox 1088 849 1128 892; x_wconf 87' lang='lat' dir='ltr'><strong>ex</strong></span> <span class='ocrx_word' id='word_1_55' title='bbox 1150 828 1249 912; x_wconf 87' lang='lat' dir='ltr'><strong>longa</strong></span> <span class='ocrx_word' id='word_1_56' title='bbox 1263 829 1399 913; x_wconf 85' lang='lat' dir='ltr'><strong>naviga·</strong></span> 
     </span>
     <span class='ocr_line' id='line_1_7' title="bbox 174 911 1399 979; baseline 0.001 -3"><span class='ocrx_word' id='word_1_57' title='bbox 174 911 215 976; x_wconf 85' lang='lat'><strong>72</strong></span> <span class='ocrx_word' id='word_1_58' title='bbox 223 911 312 975; x_wconf 86' lang='lat' dir='ltr'><strong>tione</strong></span> <span class='ocrx_word' id='word_1_59' title='bbox 341 932 409 976; x_wconf 86' lang='lat' dir='ltr'><strong>esse</strong></span> <span class='ocrx_word' id='word_1_60' title='bbox 436 915 599 977; x_wconf 85' lang='lat' dir='ltr'><strong>venturus.</strong></span> <span class='ocrx_word' id='word_1_61' title='bbox 716 911 928 979; x_wconf 75' lang='lat' dir='ltr'><strong>‚senectutis</strong></span> <span class='ocrx_word' id='word_1_62' title='bbox 960 917 1066 978; x_wconf 89' lang='lat' dir='ltr'><strong>autem</strong></span> <span class='ocrx_word' id='word_1_63' title='bbox 1089 911 1196 976; x_wconf 86' lang='lat' dir='ltr'><strong>nullus</strong></span> <span class='ocrx_word' id='word_1_64' title='bbox 1219 916 1269 977; x_wconf 85' lang='lat' dir='ltr'><strong>cst</strong></span> <span class='ocrx_word' id='word_1_65' title='bbox 1291 919 1399 977; x_wconf 88' lang='lat' dir='ltr'><strong>certus</strong></span> 
     </span>
     <span class='ocr_line' id='line_1_8' title="bbox 222 995 1400 1082; baseline 0.001 -23"><span class='ocrx_word' id='word_1_66' title='bbox 222 995 389 1076; x_wconf 85' lang='lat' dir='ltr'><strong>terminus,</strong></span> <span class='ocrx_word' id='word_1_67' title='bbox 417 999 566 1082; x_wconf 87' lang='lat' dir='ltr'><strong>reeteque</strong></span> <span class='ocrx_word' id='word_1_68' title='bbox 594 999 630 1061; x_wconf 91' lang='lat' dir='ltr'><strong>in</strong></span> <span class='ocrx_word' id='word_1_69' title='bbox 657 1019 695 1062; x_wconf 89' lang='lat' dir='ltr'><strong>ea</strong></span> <span class='ocrx_word' id='word_1_70' title='bbox 717 998 845 1081; x_wconf 86' lang='lat' dir='ltr'><strong>vivitur,</strong></span> <span class='ocrx_word' id='word_1_71' title='bbox 873 999 978 1081; x_wconf 89' lang='lat' dir='ltr'><strong>quoad</strong></span> <span class='ocrx_word' id='word_1_72' title='bbox 1008 1017 1123 1062; x_wconf 88' lang='lat' dir='ltr'><strong>munus</strong></span> <span class='ocrx_word' id='word_1_73' title='bbox 1145 997 1245 1062; x_wconf 89' lang='lat' dir='ltr'><strong>officii</strong></span> <span class='ocrx_word' id='word_1_74' title='bbox 1267 997 1400 1081; x_wconf 84' lang='lat' dir='ltr'><strong>exsequi</strong></span> 
     </span>
     <span class='ocr_line' id='line_1_9' title="bbox 223 1080 1496 1166; baseline 0.002 -23"><span class='ocrx_word' id='word_1_75' title='bbox 223 1084 256 1144; x_wconf 87' lang='lat' dir='ltr'><strong>et</strong></span> <span class='ocrx_word' id='word_1_76' title='bbox 277 1080 360 1144; x_wconf 88' lang='lat' dir='ltr'><strong>tueri</strong></span> <span class='ocrx_word' id='word_1_77' title='bbox 381 1081 485 1164; x_wconf 86' lang='lat' dir='ltr'><strong>possit</strong></span> <span class='ocrx_word' id='word_1_78' title='bbox 509 1083 722 1166; x_wconf 87' lang='lat' dir='ltr'><strong>[mortemque</strong></span> <span class='ocrx_word' id='word_1_79' title='bbox 743 1084 977 1166; x_wconf 88' lang='lat' dir='ltr'><strong>contemnere]:</strong></span> <span class='ocrx_word' id='word_1_80' title='bbox 1010 1104 1049 1146; x_wconf 82' lang='lat' dir='ltr'><strong>ex</strong></span> <span class='ocrx_word' id='word_1_81' title='bbox 1072 1103 1135 1164; x_wconf 90' lang='lat' dir='ltr'><strong>qno</strong></span> <span class='ocrx_word' id='word_1_82' title='bbox 1159 1081 1196 1144; x_wconf 88' lang='lat' dir='ltr'><strong>fit</strong></span> <span class='ocrx_word' id='word_1_83' title='bbox 1217 1085 1254 1146; x_wconf 91' lang='lat' dir='ltr'><strong>ut</strong></span> <span class='ocrx_word' id='word_1_84' title='bbox 1275 1083 1399 1146; x_wconf 88' lang='lat' dir='ltr'><strong>animo-</strong></span> <span class='ocrx_word' id='word_1_85' title='bbox 1494 1149 1496 1156; x_wconf 74' lang='grc'>,</span> 
     </span>
     <span class='ocr_line' id='line_1_10' title="bbox 222 1163 1496 1250; baseline 0.001 -22"><span class='ocrx_word' id='word_1_86' title='bbox 222 1163 290 1228; x_wconf 86' lang='lat' dir='ltr'><strong>sior</strong></span> <span class='ocrx_word' id='word_1_87' title='bbox 310 1164 408 1230; x_wconf 87' lang='lat' dir='ltr'><strong>etiam</strong></span> <span class='ocrx_word' id='word_1_88' title='bbox 430 1170 577 1230; x_wconf 90' lang='lat' dir='ltr'><strong>senectus</strong></span> <span class='ocrx_word' id='word_1_89' title='bbox 599 1167 642 1232; x_wconf 88' lang='lat' dir='ltr'><strong>sit</strong></span> <span class='ocrx_word' id='word_1_90' title='bbox 663 1187 759 1250; x_wconf 86' lang='lat' dir='ltr'><strong>quam</strong></span> <span class='ocrx_word' id='word_1_91' title='bbox 782 1166 999 1231; x_wconf 85' lang='lat' dir='ltr'><strong>adulescentia</strong></span> <span class='ocrx_word' id='word_1_92' title='bbox 1020 1170 1052 1230; x_wconf 90' lang='lat' dir='ltr'><strong>et</strong></span> <span class='ocrx_word' id='word_1_93' title='bbox 1073 1165 1198 1230; x_wconf 87' lang='lat' dir='ltr'><strong>fortior.</strong></span> <span class='ocrx_word' id='word_1_94' title='bbox 1230 1165 1302 1232; x_wconf 92' lang='lat' dir='ltr'><strong>Hoc</strong></span> <span class='ocrx_word' id='word_1_95' title='bbox 1317 1165 1399 1230; x_wconf 90' lang='lat' dir='ltr'><strong>illud</strong></span> <span class='ocrx_word' id='word_1_96' title='bbox 1495 1215 1496 1220; x_wconf 18' lang='grc' dir='ltr'>η</span> 
     </span>
     <span class='ocr_line' id='line_1_11' title="bbox 222 1248 1399 1336; baseline 0.003 -24"><span class='ocrx_word' id='word_1_97' title='bbox 222 1251 282 1330; x_wconf 91' lang='lat' dir='ltr'><strong>est,</strong></span> <span class='ocrx_word' id='word_1_98' title='bbox 303 1249 389 1334; x_wconf 87' lang='lat' dir='ltr'><strong>quod</strong></span> <span class='ocrx_word' id='word_1_99' title='bbox 409 1248 581 1315; x_wconf 82' lang='lat' dir='ltr'><strong>Pisistrato</strong></span> <span class='ocrx_word' id='word_1_100' title='bbox 604 1255 742 1334; x_wconf 57' lang='lat' dir='ltr'><strong>mnne</strong></span> <span class='ocrx_word' id='word_1_101' title='bbox 764 1273 783 1315; x_wconf 92' lang='lat' dir='ltr'><strong>a</strong></span> <span class='ocrx_word' id='word_1_102' title='bbox 804 1250 1132 1336; x_wconf 64' lang='lat' dir='ltr'><strong>SoloneJesponsum</strong></span> <span class='ocrx_word' id='word_1_103' title='bbox 1161 1253 1223 1332; x_wconf 89' lang='lat' dir='ltr'><strong>est,</strong></span> <span class='ocrx_word' id='word_1_104' title='bbox 1254 1272 1327 1315; x_wconf 91' lang='lat' dir='ltr'><strong>cum</strong></span> <span class='ocrx_word' id='word_1_105' title='bbox 1348 1251 1399 1315; x_wconf 89' lang='lat' dir='ltr'><strong>illi</strong></span> 
     </span>
     <span class='ocr_line' id='line_1_12' title="bbox 221 1334 1397 1417; baseline 0.003 -21"><span class='ocrx_word' id='word_1_106' title='bbox 221 1334 388 1417; x_wconf 82' lang='lat' dir='ltr'><strong>quaerenti</strong></span> <span class='ocrx_word' id='word_1_107' title='bbox 410 1337 485 1417; x_wconf 80' lang='lat' dir='ltr'><strong>‘qua</strong></span> <span class='ocrx_word' id='word_1_108' title='bbox 513 1335 644 1401; x_wconf 87' lang='lat' dir='ltr'><strong>tandem</strong></span> <span class='ocrx_word' id='word_1_109' title='bbox 666 1335 823 1400; x_wconf 73' lang='lat' dir='ltr'><strong>rue-fretus</strong></span> <span class='ocrx_word' id='word_1_110' title='bbox 846 1336 908 1399; x_wconf 90' lang='lat' dir='ltr'><strong>sibi</strong></span> <span class='ocrx_word' id='word_1_111' title='bbox 936 1337 1004 1399; x_wconf 85' lang='lat' dir='ltr'><strong>tam</strong></span> <span class='ocrx_word' id='word_1_112' title='bbox 1026 1334 1190 1398; x_wconf 80' lang='lat' dir='ltr'><strong>audaciter</strong></span> <span class='ocrx_word' id='word_1_113' title='bbox 1212 1335 1397 1400; x_wconf 86' lang='lat' dir='ltr'><strong>obsisteret&#39;</strong></span> 
     </span>
     <span class='ocr_line' id='line_1_13' title="bbox 221 1417 1397 1504; baseline 0.003 -24"><span class='ocrx_word' id='word_1_114' title='bbox 221 1418 431 1500; x_wconf 37' lang='lat' dir='ltr'><strong>respondisse,</strong></span> <span class='ocrx_word' id='word_1_115' title='bbox 447 1417 578 1484; x_wconf 89' lang='lat' dir='ltr'><strong>dicitur:</strong></span> <span class='ocrx_word' id='word_1_116' title='bbox 602 1419 809 1485; x_wconf 82' lang='lat' dir='ltr'><strong>‘Senectute’.</strong></span> <span class='ocrx_word' id='word_1_117' title='bbox 854 1419 917 1485; x_wconf 82' lang='lat' dir='ltr'><strong>Sed</strong></span> <span class='ocrx_word' id='word_1_118' title='bbox 938 1419 1067 1484; x_wconf 86' lang='lat' dir='ltr'><strong>vivendi</strong></span> <span class='ocrx_word' id='word_1_119' title='bbox 1089 1422 1139 1483; x_wconf 88' lang='lat' dir='ltr'><strong>est</strong></span> <span class='ocrx_word' id='word_1_120' title='bbox 1153 1419 1227 1482; x_wconf 90' lang='lat' dir='ltr'><strong>finis</strong></span> <span class='ocrx_word' id='word_1_121' title='bbox 1243 1420 1397 1504; x_wconf 91' lang='lat' dir='ltr'><strong>optimus,</strong></span> 
     </span>
     <span class='ocr_line' id='line_1_14' title="bbox 223 1503 1399 1588; baseline 0.002 -22"><span class='ocrx_word' id='word_1_122' title='bbox 223 1522 295 1566; x_wconf 88' lang='lat' dir='ltr'><strong>cum</strong></span> <span class='ocrx_word' id='word_1_123' title='bbox 317 1503 446 1586; x_wconf 89' lang='lat' dir='ltr'><strong>integra</strong></span> <span class='ocrx_word' id='word_1_124' title='bbox 473 1505 581 1568; x_wconf 87' lang='lat' dir='ltr'><strong>mente</strong></span> <span class='ocrx_word' id='word_1_125' title='bbox 610 1505 768 1588; x_wconf 88' lang='lat' dir='ltr'><strong>certisque</strong></span> <span class='ocrx_word' id='word_1_126' title='bbox 797 1504 942 1569; x_wconf 88' lang='lat' dir='ltr'><strong>sensibus</strong></span> <span class='ocrx_word' id='word_1_127' title='bbox 972 1523 1052 1588; x_wconf 88' lang='lat' dir='ltr'><strong>opus</strong></span> <span class='ocrx_word' id='word_1_128' title='bbox 1075 1503 1146 1587; x_wconf 86' lang='lat' dir='ltr'><strong>ipsa</strong></span> <span class='ocrx_word' id='word_1_129' title='bbox 1168 1525 1261 1588; x_wconf 80' lang='lat' dir='ltr'><strong>suum</strong></span> <span class='ocrx_word' id='word_1_130' title='bbox 1284 1504 1399 1568; x_wconf 87' lang='lat' dir='ltr'><strong>eadem</strong></span> 
     </span>
     <span class='ocr_line' id='line_1_15' title="bbox 221 1587 1399 1674; baseline 0.003 -25"><span class='ocrx_word' id='word_1_131' title='bbox 221 1607 312 1674; x_wconf 48' lang='lat' dir='ltr'><strong>quae,</strong></span> <span class='ocrx_word' id='word_1_132' title='bbox 331 1589 570 1670; x_wconf 82' lang='lat' dir='ltr'><strong>coagmentavit</strong></span> <span class='ocrx_word' id='word_1_133' title='bbox 597 1593 714 1653; x_wconf 86' lang='lat' dir='ltr'><strong>natura</strong></span> <span class='ocrx_word' id='word_1_134' title='bbox 741 1589 896 1654; x_wconf 89' lang='lat' dir='ltr'><strong>dissolvit.</strong></span> <span class='ocrx_word' id='word_1_135' title='bbox 941 1587 986 1653; x_wconf 92' lang='lat' dir='ltr'><strong>Ut</strong></span> <span class='ocrx_word' id='word_1_136' title='bbox 1006 1609 1131 1669; x_wconf 88' lang='lat' dir='ltr'><strong>navem,</strong></span> <span class='ocrx_word' id='word_1_137' title='bbox 1160 1591 1197 1652; x_wconf 90' lang='lat' dir='ltr'><strong>ut</strong></span> <span class='ocrx_word' id='word_1_138' title='bbox 1218 1588 1399 1653; x_wconf 90' lang='lat' dir='ltr'><strong>aedificium</strong></span> 
     </span>
     <span class='ocr_line' id='line_1_16' title="bbox 220 1671 1399 1758; baseline 0.003 -24"><span class='ocrx_word' id='word_1_139' title='bbox 220 1671 305 1734; x_wconf 90' lang='lat' dir='ltr'><strong>idem</strong></span> <span class='ocrx_word' id='word_1_140' title='bbox 342 1671 478 1745; x_wconf 88' lang='lat' dir='ltr'><strong>destruit</strong></span> <span class='ocrx_word' id='word_1_141' title='bbox 506 1672 658 1738; x_wconf 86' lang='lat' dir='ltr'><strong>facillime</strong></span> <span class='ocrx_word' id='word_1_142' title='bbox 695 1675 748 1758; x_wconf 90' lang='lat' dir='ltr'><strong>qui</strong></span> <span class='ocrx_word' id='word_1_143' title='bbox 782 1672 969 1755; x_wconf 85' lang='lat' dir='ltr'><strong>construxit,</strong></span> <span class='ocrx_word' id='word_1_144' title='bbox 1007 1674 1054 1737; x_wconf 89' lang='lat' dir='ltr'><strong>sic</strong></span> <span class='ocrx_word' id='word_1_145' title='bbox 1087 1672 1251 1737; x_wconf 88' lang='lat' dir='ltr'><strong>hominem</strong></span> <span class='ocrx_word' id='word_1_146' title='bbox 1284 1672 1399 1738; x_wconf 88' lang='lat' dir='ltr'><strong>eadem</strong></span> 
     </span>
     <span class='ocr_line' id='line_1_17' title="bbox 221 1755 1399 1842; baseline 0.003 -24"><span class='ocrx_word' id='word_1_147' title='bbox 221 1755 341 1838; x_wconf 86' lang='lat' dir='ltr'><strong>optime</strong></span> <span class='ocrx_word' id='word_1_148' title='bbox 363 1777 443 1840; x_wconf 89' lang='lat' dir='ltr'><strong>quae</strong></span> <span class='ocrx_word' id='word_1_149' title='bbox 467 1757 700 1842; x_wconf 82' lang='lat' dir='ltr'><strong>conglutinavit</strong></span> <span class='ocrx_word' id='word_1_150' title='bbox 721 1761 838 1822; x_wconf 89' lang='lat' dir='ltr'><strong>natura</strong></span> <span class='ocrx_word' id='word_1_151' title='bbox 853 1757 1008 1822; x_wconf 90' lang='lat' dir='ltr'><strong>dissolvit.</strong></span> <span class='ocrx_word' id='word_1_152' title='bbox 1033 1757 1100 1820; x_wconf 90' lang='lat' dir='ltr'><strong>lam</strong></span> <span class='ocrx_word' id='word_1_153' title='bbox 1116 1757 1221 1821; x_wconf 88' lang='lat' dir='ltr'><strong>omnis</strong></span> <span class='ocrx_word' id='word_1_154' title='bbox 1237 1757 1399 1842; x_wconf 89' lang='lat' dir='ltr'><strong>congluti-</strong></span> 
     </span>
     <span class='ocr_line' id='line_1_18' title="bbox 220 1839 1397 1928; baseline 0.004 -27"><span class='ocrx_word' id='word_1_155' title='bbox 220 1839 311 1903; x_wconf 90' lang='lat' dir='ltr'><strong>natio</strong></span> <span class='ocrx_word' id='word_1_156' title='bbox 334 1861 446 1906; x_wconf 87' lang='lat' dir='ltr'><strong>recens</strong></span> <span class='ocrx_word' id='word_1_157' title='bbox 469 1863 574 1928; x_wconf 87' lang='lat' dir='ltr'><strong>aegre,</strong></span> <span class='ocrx_word' id='word_1_158' title='bbox 599 1845 777 1907; x_wconf 85' lang='lat' dir='ltr'><strong>inveterata</strong></span> <span class='ocrx_word' id='word_1_159' title='bbox 797 1843 894 1908; x_wconf 82' lang='lat' dir='ltr'><strong>facile</strong></span> <span class='ocrx_word' id='word_1_160' title='bbox 917 1841 1089 1906; x_wconf 86' lang='lat' dir='ltr'><strong>divellitur.</strong></span> <span class='ocrx_word' id='word_1_161' title='bbox 1133 1839 1185 1905; x_wconf 85' lang='lat' dir='ltr'><strong>Ita</strong></span> <span class='ocrx_word' id='word_1_162' title='bbox 1207 1842 1244 1906; x_wconf 87' lang='lat' dir='ltr'><strong>fit</strong></span> <span class='ocrx_word' id='word_1_163' title='bbox 1264 1845 1301 1906; x_wconf 92' lang='lat' dir='ltr'><strong>ut</strong></span> <span class='ocrx_word' id='word_1_164' title='bbox 1315 1842 1397 1906; x_wconf 91' lang='lat' dir='ltr'><strong>illud</strong></span> 
     </span>
     <span class='ocr_line' id='line_1_19' title="bbox 220 1923 1397 2010; baseline 0.003 -22"><span class='ocrx_word' id='word_1_165' title='bbox 220 1923 316 1988; x_wconf 83' lang='lat' dir='ltr'><strong>breve</strong></span> <span class='ocrx_word' id='word_1_166' title='bbox 337 1926 422 1990; x_wconf 84' lang='lat' dir='ltr'><strong>vitae</strong></span> <span class='ocrx_word' id='word_1_167' title='bbox 450 1927 608 2010; x_wconf 89' lang='lat' dir='ltr'><strong>reliquum</strong></span> <span class='ocrx_word' id='word_1_168' title='bbox 636 1949 697 1992; x_wconf 91' lang='lat' dir='ltr'><strong>nec</strong></span> <span class='ocrx_word' id='word_1_169' title='bbox 723 1927 815 1992; x_wconf 84' lang='lat' dir='ltr'><strong>avide</strong></span> <span class='ocrx_word' id='word_1_170' title='bbox 842 1949 861 1991; x_wconf 92' lang='lat' dir='ltr'><strong>a</strong></span> <span class='ocrx_word' id='word_1_171' title='bbox 907 1926 1058 1990; x_wconf 89' lang='lat' dir='ltr'><strong>etendum</strong></span> <span class='ocrx_word' id='word_1_172' title='bbox 1085 1925 1217 1990; x_wconf 89' lang='lat' dir='ltr'><strong>senibus</strong></span> <span class='ocrx_word' id='word_1_173' title='bbox 1242 1947 1302 1991; x_wconf 88' lang='lat' dir='ltr'><strong>nec</strong></span> <span class='ocrx_word' id='word_1_174' title='bbox 1324 1926 1397 1991; x_wconf 89' lang='lat' dir='ltr'><strong>sinc</strong></span> 
     </span>
     <span class='ocr_line' id='line_1_20' title="bbox 170 2007 1397 2096; baseline 0.002 -24"><span class='ocrx_word' id='word_1_175' title='bbox 170 2007 319 2073; x_wconf 80' lang='lat' dir='ltr'><strong>l3causa</strong></span> <span class='ocrx_word' id='word_1_176' title='bbox 341 2009 551 2075; x_wconf 88' lang='lat' dir='ltr'><strong>deserendum</strong></span> <span class='ocrx_word' id='word_1_177' title='bbox 580 2012 633 2076; x_wconf 86' lang='lat' dir='ltr'><strong>sit.</strong></span> <span class='ocrx_word' id='word_1_178' title='bbox 685 2011 845 2096; x_wconf 87' lang='lat' dir='ltr'><strong>Vetatque</strong></span> <span class='ocrx_word' id='word_1_179' title='bbox 894 2009 1070 2096; x_wconf 85' lang='lat' dir='ltr'><strong>ythagoras</strong></span> <span class='ocrx_word' id='word_1_180' title='bbox 1093 2009 1229 2075; x_wconf 85' lang='lat' dir='ltr'><strong>‘iniussu</strong></span> <span class='ocrx_word' id='word_1_181' title='bbox 1258 2012 1397 2094; x_wconf 88' lang='lat' dir='ltr'><strong>impera-</strong></span> 
     </span>
     <span class='ocr_line' id='line_1_21' title="bbox 160 2094 1398 2180; baseline 0.004 -25"><span class='ocrx_word' id='word_1_182' title='bbox 160 2127 163 2134; x_wconf 92' lang='lat'>·</span> <span class='ocrx_word' id='word_1_183' title='bbox 221 2094 312 2171; x_wconf 89' lang='lat' dir='ltr'><strong>toris,</strong></span> <span class='ocrx_word' id='word_1_184' title='bbox 336 2094 367 2157; x_wconf 89' lang='lat' dir='ltr'><strong>id</strong></span> <span class='ocrx_word' id='word_1_185' title='bbox 391 2097 440 2158; x_wconf 86' lang='lat' dir='ltr'><strong>est</strong></span> <span class='ocrx_word' id='word_1_186' title='bbox 462 2095 523 2176; x_wconf 90' lang='lat' dir='ltr'><strong>dci,</strong></span> <span class='ocrx_word' id='word_1_187' title='bbox 548 2096 586 2159; x_wconf 91' lang='lat' dir='ltr'><strong>de</strong></span> <span class='ocrx_word' id='word_1_188' title='bbox 608 2098 767 2180; x_wconf 85' lang='lat' dir='ltr'><strong>praesidio</strong></span> <span class='ocrx_word' id='word_1_189' title='bbox 790 2099 823 2160; x_wconf 91' lang='lat' dir='ltr'><strong>et</strong></span> <span class='ocrx_word' id='word_1_190' title='bbox 844 2097 981 2160; x_wconf 86' lang='lat' dir='ltr'><strong>statione</strong></span> <span class='ocrx_word' id='word_1_191' title='bbox 1003 2095 1089 2159; x_wconf 88' lang='lat' dir='ltr'><strong>vitae</strong></span> <span class='ocrx_word' id='word_1_192' title='bbox 1111 2094 1288 2160; x_wconf 88' lang='lat' dir='ltr'><strong>decedere&#39;.</strong></span> <span class='ocrx_word' id='word_1_193' title='bbox 1338 2095 1398 2160; x_wconf 85' lang='lat' dir='ltr'><strong>So-</strong></span> 
     </span>
     <span class='ocr_line' id='line_1_22' title="bbox 221 2175 1397 2265; baseline 0.005 -26"><span class='ocrx_word' id='word_1_194' title='bbox 221 2175 307 2242; x_wconf 84' lang='lat' dir='ltr'><strong>lonis</strong></span> <span class='ocrx_word' id='word_1_195' title='bbox 329 2179 458 2262; x_wconf 88' lang='lat' dir='ltr'><strong>quidem</strong></span> <span class='ocrx_word' id='word_1_196' title='bbox 487 2180 644 2262; x_wconf 88' lang='lat' dir='ltr'><strong>sapientis</strong></span> <span class='ocrx_word' id='word_1_197' title='bbox 663 2185 722 2264; x_wconf 58' lang='lat' dir='ltr'><strong>¹est</strong></span> <span class='ocrx_word' id='word_1_198' title='bbox 743 2179 901 2265; x_wconf 88' lang='lat' dir='ltr'><strong>elogium,</strong></span> <span class='ocrx_word' id='word_1_199' title='bbox 931 2201 993 2263; x_wconf 91' lang='lat' dir='ltr'><strong>quo</strong></span> <span class='ocrx_word' id='word_1_200' title='bbox 1022 2201 1056 2243; x_wconf 79' lang='lat' dir='ltr'><strong>ae</strong></span> <span class='ocrx_word' id='word_1_201' title='bbox 1078 2182 1178 2263; x_wconf 88' lang='lat' dir='ltr'><strong>negat</strong></span> <span class='ocrx_word' id='word_1_202' title='bbox 1199 2180 1281 2244; x_wconf 87' lang='lat' dir='ltr'><strong>velle</strong></span> <span class='ocrx_word' id='word_1_203' title='bbox 1303 2202 1397 2245; x_wconf 90' lang='lat' dir='ltr'><strong>suam</strong></span> 
     </span>
    </p>
   </div>
   <div class='ocr_carea' id='block_1_3' title="bbox 75 2414 1494 4442">
    <p class='ocr_par' dir='ltr' id='par_1_3' title="bbox 75 2413 1494 4442">
     <span class='ocr_line' id='line_1_23' title="bbox 256 2414 783 2480; baseline 0.005 52.183"><span class='ocrx_word' id='word_1_204' title='bbox 256 2414 783 2480; x_wconf 62' lang='lat' dir='ltr'><strong>rr</strong></span> 
     </span>
     <span class='ocr_line' id='line_1_24' title="bbox 220 2524 1395 2618; baseline 0.004 -17"><span class='ocrx_word' id='word_1_205' title='bbox 220 2547 402 2617; x_wconf 84' lang='lat' dir='ltr'><strong>Gleichnisse,</strong></span> <span class='ocrx_word' id='word_1_206' title='bbox 420 2551 465 2602; x_wconf 76' lang='lat' dir='ltr'><strong>fur</strong></span> <span class='ocrx_word' id='word_1_207' title='bbox 494 2551 712 2606; x_wconf 78' lang='lat' dir='ltr'><strong>uenmdrnodraa.</strong></span> <span class='ocrx_word' id='word_1_208' title='bbox 740 2552 783 2604; x_wconf 91' lang='lat' dir='ltr'><strong>Im</strong></span> <span class='ocrx_word' id='word_1_209' title='bbox 833 2549 912 2605; x_wconf 83' lang='lat' dir='ltr'><strong>Teile</strong></span> <span class='ocrx_word' id='word_1_210' title='bbox 934 2524 1035 2604; x_wconf 69' lang='lat' dir='ltr'><strong>imnier</strong></span> <span class='ocrx_word' id='word_1_211' title='bbox 1056 2549 1162 2603; x_wconf 86' lang='lat' dir='ltr'><strong>bereits</strong></span> <span class='ocrx_word' id='word_1_212' title='bbox 1185 2551 1246 2604; x_wconf 88' lang='lat' dir='ltr'><strong>eine</strong></span> <span class='ocrx_word' id='word_1_213' title='bbox 1270 2550 1395 2618; x_wconf 68' lang='lat' dir='ltr'><strong>alterici,</strong></span> 
     </span>
     <span class='ocr_line' id='line_1_25' title="bbox 75 2564 1396 2694; baseline 0.005 -27"><span class='ocrx_word' id='word_1_214' title='bbox 75 2615 78 2620; x_wconf 88' lang='lat'>&#39;</span> <span class='ocrx_word' id='word_1_215' title='bbox 119 2667 121 2671; x_wconf 84' lang='grc'>,</span> <span class='ocrx_word' id='word_1_216' title='bbox 220 2615 389 2694; x_wconf 72' lang='lat' dir='ltr'><strong>verkirrzten</strong></span> <span class='ocrx_word' id='word_1_217' title='bbox 402 2564 576 2672; x_wconf 72' lang='lat' dir='ltr'><strong>Gleicimisse</strong></span> <span class='ocrx_word' id='word_1_218' title='bbox 595 2618 710 2673; x_wconf 73' lang='lat' dir='ltr'><strong>ahnlieh</strong></span> <span class='ocrx_word' id='word_1_219' title='bbox 724 2617 779 2673; x_wconf 81' lang='lat' dir='ltr'><strong>Cic.</strong></span> <span class='ocrx_word' id='word_1_220' title='bbox 834 2617 1002 2687; x_wconf 79' lang='lat' dir='ltr'><strong>dieLdsung</strong></span> <span class='ocrx_word' id='word_1_221' title='bbox 1020 2617 1108 2671; x_wconf 88' lang='lat' dir='ltr'><strong>daher</strong></span> <span class='ocrx_word' id='word_1_222' title='bbox 1124 2633 1177 2670; x_wconf 87' lang='lat' dir='ltr'><strong>nur</strong></span> <span class='ocrx_word' id='word_1_223' title='bbox 1194 2634 1242 2671; x_wconf 89' lang='lat' dir='ltr'><strong>nm</strong></span> <span class='ocrx_word' id='word_1_224' title='bbox 1260 2634 1290 2673; x_wconf 90' lang='lat' dir='ltr'><strong>so</strong></span> <span class='ocrx_word' id='word_1_225' title='bbox 1308 2618 1396 2674; x_wconf 91' lang='lat' dir='ltr'><strong>leich-</strong></span> 
     </span>
     <span class='ocr_line' id='line_1_26' title="bbox 219 2681 1140 2755; baseline 0.007 -20"><span class='ocrx_word' id='word_1_226' title='bbox 219 2681 308 2751; x_wconf 83' lang='lat' dir='ltr'><strong>Eprst.</strong></span> <span class='ocrx_word' id='word_1_227' title='bbox 328 2690 354 2752; x_wconf 84' lang='lat'><strong>9,</strong></span> <span class='ocrx_word' id='word_1_228' title='bbox 369 2689 408 2749; x_wconf 80' lang='lat' dir='ltr'><strong>to,</strong></span> <span class='ocrx_word' id='word_1_229' title='bbox 418 2690 434 2738; x_wconf 82' lang='lat'>2</span> <span class='ocrx_word' id='word_1_230' title='bbox 446 2690 486 2750; x_wconf 83' lang='lat' dir='ltr'><strong>at,</strong></span> <span class='ocrx_word' id='word_1_231' title='bbox 543 2688 588 2741; x_wconf 84' lang='lat' dir='ltr'><strong>asi</strong></span> <span class='ocrx_word' id='word_1_232' title='bbox 599 2703 701 2740; x_wconf 78' lang='lat' dir='ltr'><strong>aarum</strong></span> <span class='ocrx_word' id='word_1_233' title='bbox 712 2687 783 2755; x_wconf 69' lang='lat' dir='ltr'><strong>torri,</strong></span> <span class='ocrx_word' id='word_1_234' title='bbox 834 2687 877 2739; x_wconf 89' lang='lat' dir='ltr'><strong>ter</strong></span> <span class='ocrx_word' id='word_1_235' title='bbox 895 2685 1022 2753; x_wconf 85' lang='lat' dir='ltr'><strong>erfolgen</strong></span> <span class='ocrx_word' id='word_1_236' title='bbox 1039 2684 1140 2742; x_wconf 77' lang='lat' dir='ltr'><strong>nonne.</strong></span> 
     </span>
     <span class='ocr_line' id='line_1_27' title="bbox 220 2701 1395 2830; baseline 0.004 -27"><span class='ocrx_word' id='word_1_237' title='bbox 220 2751 260 2804; x_wconf 84' lang='lat' dir='ltr'><strong>er‘c</strong></span> <span class='ocrx_word' id='word_1_238' title='bbox 277 2751 463 2830; x_wconf 72' lang='lat' dir='ltr'><strong>benevolentia</strong></span> <span class='ocrx_word' id='word_1_239' title='bbox 479 2701 573 2819; x_wconf 68' lang='lat' dir='ltr'><strong>adiro</strong></span> <span class='ocrx_word' id='word_1_240' title='bbox 589 2754 712 2820; x_wconf 67' lang='lat' dir='ltr'><strong>periendo</strong></span> <span class='ocrx_word' id='word_1_241' title='bbox 729 2754 783 2808; x_wconf 85' lang='lat' dir='ltr'><strong>ali·</strong></span> <span class='ocrx_word' id='word_1_242' title='bbox 868 2752 1005 2830; x_wconf 70' lang='lat' dir='ltr'><strong>reliqraera</strong></span> <span class='ocrx_word' id='word_1_243' title='bbox 1031 2751 1102 2805; x_wconf 87' lang='lat' dir='ltr'><strong>wird</strong></span> <span class='ocrx_word' id='word_1_244' title='bbox 1129 2751 1203 2804; x_wconf 88' lang='lat' dir='ltr'><strong>auch</strong></span> <span class='ocrx_word' id='word_1_245' title='bbox 1229 2755 1308 2808; x_wconf 80' lang='lat' dir='ltr'><strong>sonet</strong></span> <span class='ocrx_word' id='word_1_246' title='bbox 1328 2754 1395 2808; x_wconf 86' lang='lat' dir='ltr'><strong>sub-</strong></span> 
     </span>
     <span class='ocr_line' id='line_1_28' title="bbox 220 2819 1397 2899; baseline 0.006 -29"><span class='ocrx_word' id='word_1_247' title='bbox 220 2829 274 2884; x_wconf 73' lang='lat' dir='ltr'><strong>qao</strong></span> <span class='ocrx_word' id='word_1_248' title='bbox 291 2820 416 2886; x_wconf 76' lang='lat' dir='ltr'><strong>perspici</strong></span> <span class='ocrx_word' id='word_1_249' title='bbox 433 2820 538 2886; x_wconf 65' lang='lat' dir='ltr'><strong>pcata·</strong></span> <span class='ocrx_word' id='word_1_250' title='bbox 565 2821 600 2875; x_wconf 90' lang='lat' dir='ltr'><strong>de</strong></span> <span class='ocrx_word' id='word_1_251' title='bbox 624 2821 700 2874; x_wconf 90' lang='lat' dir='ltr'><strong>deor.</strong></span> <span class='ocrx_word' id='word_1_252' title='bbox 719 2823 777 2876; x_wconf 86' lang='lat' dir='ltr'><strong>nat.</strong></span> <span class='ocrx_word' id='word_1_253' title='bbox 829 2819 996 2899; x_wconf 72' lang='lat' dir='ltr'><strong>stantiusch</strong></span> <span class='ocrx_word' id='word_1_254' title='bbox 1021 2819 1180 2897; x_wconf 78' lang='lat' dir='ltr'><strong>gebraueht</strong></span> <span class='ocrx_word' id='word_1_255' title='bbox 1204 2820 1263 2872; x_wconf 89' lang='lat' dir='ltr'><strong>und</strong></span> <span class='ocrx_word' id='word_1_256' title='bbox 1292 2821 1397 2877; x_wconf 86' lang='lat' dir='ltr'><strong>nimmt</strong></span> 
     </span>
     <span class='ocr_line' id='line_1_29' title="bbox 220 2886 1494 3032; baseline 0.005 -27"><span class='ocrx_word' id='word_1_257' title='bbox 220 2889 410 3030; x_wconf 54' lang='lat' dir='ltr'><strong>”tiitriiit</strong></span> <span class='ocrx_word' id='word_1_258' title='bbox 434 2983 470 2994; x_wconf 88' lang='grc'><strong>-</strong></span> <span class='ocrx_word' id='word_1_259' title='bbox 494 2954 629 3010; x_wconf 68' lang='lat' dir='ltr'><strong>aeacum</strong></span> <span class='ocrx_word' id='word_1_260' title='bbox 650 2980 684 3002; x_wconf 56' lang='grc' dir='ltr'>ε</span> <span class='ocrx_word' id='word_1_261' title='bbox 706 2955 779 3010; x_wconf 77' lang='lat' dir='ltr'><strong>rich</strong></span> <span class='ocrx_word' id='word_1_262' title='bbox 831 2886 1310 3032; x_wconf 46' lang='lat' dir='ltr'><strong>gbbsibbbbebnbbggffi</strong></span> <span class='ocrx_word' id='word_1_263' title='bbox 1326 2891 1395 3011; x_wconf 57' lang='lat' dir='ltr'><strong>itii:</strong></span> <span class='ocrx_word' id='word_1_264' title='bbox 1493 2939 1494 2988; x_wconf 61' lang='lat' dir='ltr'><strong>l</strong></span> 
     </span>
     <span class='ocr_line' id='line_1_30' title="bbox 130 3017 1394 3091; baseline 0.006 -19"><span class='ocrx_word' id='word_1_265' title='bbox 130 3077 136 3091; x_wconf 63' lang='lat'><strong>,</strong></span> <span class='ocrx_word' id='word_1_266' title='bbox 219 3017 780 3078; x_wconf 80' lang='lat' dir='ltr'><strong>abrerssenlassen-—ronselbst</strong></span> <span class='ocrx_word' id='word_1_267' title='bbox 830 3037 891 3091; x_wconf 73' lang='lat' dir='ltr'><strong>quo.</strong></span> <span class='ocrx_word' id='word_1_268' title='bbox 912 3021 977 3090; x_wconf 77' lang='lat' dir='ltr'><strong>Vgl.</strong></span> <span class='ocrx_word' id='word_1_269' title='bbox 995 3020 1284 3077; x_wconf 79' lang='lat' dir='ltr'><strong>coramarecmllerr.</strong></span> <span class='ocrx_word' id='word_1_270' title='bbox 1305 3030 1330 3083; x_wconf 81' lang='lat'><strong>2.</strong></span> <span class='ocrx_word' id='word_1_271' title='bbox 1348 3031 1394 3086; x_wconf 84' lang='grc'><strong>46,</strong></span> 
     </span>
     <span class='ocr_line' id='line_1_31' title="bbox 219 3087 1396 3148; baseline 0.007 -8"><span class='ocrx_word' id='word_1_272' title='bbox 219 3087 386 3147; x_wconf 80' lang='lat' dir='ltr'><strong>abfallen,</strong></span> <span class='ocrx_word' id='word_1_273' title='bbox 831 3095 881 3144; x_wconf 82' lang='lat'><strong>114</strong></span> <span class='ocrx_word' id='word_1_274' title='bbox 902 3095 1011 3146; x_wconf 69' lang='lat' dir='ltr'><strong>aeteae</strong></span> <span class='ocrx_word' id='word_1_275' title='bbox 1027 3107 1046 3143; x_wconf 87' lang='lat' dir='ltr'><strong>a</strong></span> <span class='ocrx_word' id='word_1_276' title='bbox 1063 3090 1227 3143; x_wconf 72' lang='lat' dir='ltr'><strong>commarca·</strong></span> <span class='ocrx_word' id='word_1_277' title='bbox 1243 3089 1396 3148; x_wconf 78' lang='lat' dir='ltr'><strong>Siciliae</strong></span> 
     </span>
     <span class='ocr_line' id='line_1_32' title="bbox 253 3157 921 3224; baseline 0.003 -17"><span class='ocrx_word' id='word_1_278' title='bbox 253 3159 276 3218; x_wconf 69' lang='grc' dir='ltr'><strong>ἕ.</strong></span> <span class='ocrx_word' id='word_1_279' title='bbox 296 3160 336 3209; x_wconf 77' lang='lat' dir='ltr'><strong>ta.</strong></span> <span class='ocrx_word' id='word_1_280' title='bbox 354 3157 449 3224; x_wconf 77' lang='lat' dir='ltr'><strong>possit.</strong></span> <span class='ocrx_word' id='word_1_281' title='bbox 485 3157 513 3212; x_wconf 87' lang='lat' dir='ltr'><strong>S.</strong></span> <span class='ocrx_word' id='word_1_282' title='bbox 530 3177 564 3212; x_wconf 84' lang='lat' dir='ltr'><strong>au</strong></span> <span class='ocrx_word' id='word_1_283' title='bbox 583 3165 607 3224; x_wconf 74' lang='lat'><strong>§-</strong></span> <span class='ocrx_word' id='word_1_284' title='bbox 626 3165 660 3214; x_wconf 77' lang='lat'><strong>25</strong></span> <span class='ocrx_word' id='word_1_285' title='bbox 676 3161 761 3214; x_wconf 78' lang='lat' dir='ltr'><strong>videt.</strong></span> <span class='ocrx_word' id='word_1_286' title='bbox 830 3159 921 3212; x_wconf 79' lang='lat' dir='ltr'><strong>datae.</strong></span> 
     </span>
     <span class='ocr_line' id='line_1_33' title="bbox 252 3221 1493 3296; baseline 0.006 -22"><span class='ocrx_word' id='word_1_287' title='bbox 252 3221 404 3278; x_wconf 78' lang='lat' dir='ltr'><strong>Pisistrato</strong></span> <span class='ocrx_word' id='word_1_288' title='bbox 423 3269 429 3283; x_wconf 90' lang='lat'><strong>.</strong></span> <span class='ocrx_word' id='word_1_289' title='bbox 448 3263 455 3278; x_wconf 90' lang='lat'><strong>.</strong></span> <span class='ocrx_word' id='word_1_290' title='bbox 473 3265 480 3278; x_wconf 90' lang='lat'><em>.</em></span> <span class='ocrx_word' id='word_1_291' title='bbox 499 3241 666 3296; x_wconf 69' lang='lat' dir='ltr'><strong>respersam.</strong></span> <span class='ocrx_word' id='word_1_292' title='bbox 702 3225 776 3280; x_wconf 79' lang='lat' dir='ltr'><strong>Glei-</strong></span> <span class='ocrx_word' id='word_1_293' title='bbox 862 3231 885 3290; x_wconf 68' lang='grc' dir='ltr'><strong>ξ.</strong></span> <span class='ocrx_word' id='word_1_294' title='bbox 918 3230 958 3280; x_wconf 75' lang='lat' dir='ltr'><strong>ta.</strong></span> <span class='ocrx_word' id='word_1_295' title='bbox 1011 3223 1091 3278; x_wconf 85' lang='lat' dir='ltr'><strong>Vetat</strong></span> <span class='ocrx_word' id='word_1_296' title='bbox 1118 3223 1295 3292; x_wconf 63' lang='lat' dir='ltr'><strong>Pythagoras</strong></span> <span class='ocrx_word' id='word_1_297' title='bbox 1325 3229 1395 3282; x_wconf 86' lang='lat' dir='ltr'><strong>cett.</strong></span> <span class='ocrx_word' id='word_1_298' title='bbox 1492 3265 1493 3290; x_wconf 58' lang='lat'><em>2</em></span> 
     </span>
     <span class='ocr_line' id='line_1_34' title="bbox 219 3287 1493 3369; baseline 0.005 -27"><span class='ocrx_word' id='word_1_299' title='bbox 219 3287 285 3366; x_wconf 77' lang='lat' dir='ltr'><strong>ches</strong></span> <span class='ocrx_word' id='word_1_300' title='bbox 312 3290 420 3344; x_wconf 76' lang='lat' dir='ltr'><strong>errthlt</strong></span> <span class='ocrx_word' id='word_1_301' title='bbox 446 3292 519 3346; x_wconf 90' lang='lat' dir='ltr'><strong>Plnt.</strong></span> <span class='ocrx_word' id='word_1_302' title='bbox 545 3296 580 3348; x_wconf 90' lang='lat' dir='ltr'><strong>de</strong></span> <span class='ocrx_word' id='word_1_303' title='bbox 608 3294 778 3362; x_wconf 86' lang='lat' dir='ltr'><strong>republica</strong></span> <span class='ocrx_word' id='word_1_304' title='bbox 830 3291 894 3362; x_wconf 83' lang='lat' dir='ltr'><strong>Vgl,</strong></span> <span class='ocrx_word' id='word_1_305' title='bbox 911 3290 1107 3349; x_wconf 85' lang='lat' dir='ltr'><strong>Plat.·Phaed.</strong></span> <span class='ocrx_word' id='word_1_306' title='bbox 1126 3308 1149 3345; x_wconf 92' lang='lat' dir='ltr'><strong>c.</strong></span> <span class='ocrx_word' id='word_1_307' title='bbox 1169 3297 1185 3344; x_wconf 88' lang='lat'><strong>6</strong></span> <span class='ocrx_word' id='word_1_308' title='bbox 1203 3292 1323 3369; x_wconf 78' lang='lat' dir='ltr'><strong>rned-</strong></span> <span class='ocrx_word' id='word_1_309' title='bbox 1336 3295 1395 3348; x_wconf 84' lang='lat' dir='ltr'><strong>An·</strong></span> <span class='ocrx_word' id='word_1_310' title='bbox 1492 3305 1493 3312; x_wconf 74' lang='grc'>’</span> 
     </span>
     <span class='ocr_line' id='line_1_35' title="bbox 217 3358 1394 3424; baseline 0.005 -16"><span class='ocrx_word' id='word_1_311' title='bbox 217 3372 280 3421; x_wconf 66' lang='grc' dir='ltr'><strong>Ιεθιιι</strong></span> <span class='ocrx_word' id='word_1_312' title='bbox 297 3358 423 3424; x_wconf 87' lang='lat' dir='ltr'><strong>gerenda</strong></span> <span class='ocrx_word' id='word_1_313' title='bbox 440 3376 463 3412; x_wconf 88' lang='lat' dir='ltr'><strong>e.</strong></span> <span class='ocrx_word' id='word_1_314' title='bbox 481 3366 523 3414; x_wconf 80' lang='lat'><strong>21.</strong></span> <span class='ocrx_word' id='word_1_315' title='bbox 830 3359 893 3413; x_wconf 87' lang='lat' dir='ltr'><strong>ders</strong></span> <span class='ocrx_word' id='word_1_316' title='bbox 905 3359 1039 3413; x_wconf 84' lang='lat' dir='ltr'><strong>urteilten</strong></span> <span class='ocrx_word' id='word_1_317' title='bbox 1056 3359 1127 3412; x_wconf 75' lang='lat' dir='ltr'><strong>tiber</strong></span> <span class='ocrx_word' id='word_1_318' title='bbox 1144 3358 1190 3412; x_wconf 91' lang='lat' dir='ltr'><strong>die</strong></span> <span class='ocrx_word' id='word_1_319' title='bbox 1203 3360 1326 3416; x_wconf 84' lang='lat' dir='ltr'><strong>srttliche</strong></span> <span class='ocrx_word' id='word_1_320' title='bbox 1340 3362 1394 3414; x_wconf 88' lang='lat' dir='ltr'><strong>Zu-</strong></span> 
     </span>
     <span class='ocr_line' id='line_1_36' title="bbox 252 3425 1394 3496; baseline 0.004 -18"><span class='ocrx_word' id='word_1_321' title='bbox 252 3426 404 3491; x_wconf 75' lang='lat' dir='ltr'><strong>qaacrerrti.</strong></span> <span class='ocrx_word' id='word_1_322' title='bbox 424 3425 451 3479; x_wconf 81' lang='lat' dir='ltr'><strong>S.</strong></span> <span class='ocrx_word' id='word_1_323' title='bbox 464 3431 534 3492; x_wconf 63' lang='grc' dir='ltr'><strong>ωδ.</strong></span> <span class='ocrx_word' id='word_1_324' title='bbox 548 3434 579 3482; x_wconf 84' lang='lat'><strong>13</strong></span> <span class='ocrx_word' id='word_1_325' title='bbox 592 3434 778 3496; x_wconf 71' lang='lat' dir='ltr'><strong>quaereretur.</strong></span> <span class='ocrx_word' id='word_1_326' title='bbox 829 3426 979 3496; x_wconf 68' lang='lat' dir='ltr'><strong>lissigkeit</strong></span> <span class='ocrx_word' id='word_1_327' title='bbox 1013 3425 1062 3480; x_wconf 88' lang='lat' dir='ltr'><strong>des</strong></span> <span class='ocrx_word' id='word_1_328' title='bbox 1085 3425 1305 3482; x_wconf 74' lang='lat' dir='ltr'><strong>‘Selbstmordcs</strong></span> <span class='ocrx_word' id='word_1_329' title='bbox 1346 3429 1394 3484; x_wconf 87' lang='lat' dir='ltr'><strong>die</strong></span> 
     </span>
     <span class='ocr_line' id='line_1_37' title="bbox 251 3492 1272 3564; baseline 0.004 -21"><span class='ocrx_word' id='word_1_330' title='bbox 251 3492 399 3548; x_wconf 59' lang='lat' dir='ltr'><strong>asmata</strong></span> <span class='ocrx_word' id='word_1_331' title='bbox 421 3494 502 3560; x_wconf 82' lang='lat' dir='ltr'><strong>(statt</strong></span> <span class='ocrx_word' id='word_1_332' title='bbox 524 3495 669 3564; x_wconf 75' lang='lat' dir='ltr'><strong>audacter)</strong></span> <span class='ocrx_word' id='word_1_333' title='bbox 691 3495 780 3551; x_wconf 84' lang='lat' dir='ltr'><strong>findet</strong></span> <span class='ocrx_word' id='word_1_334' title='bbox 831 3494 950 3549; x_wconf 81' lang='lat' dir='ltr'><strong>Stoiker.</strong></span> <span class='ocrx_word' id='word_1_335' title='bbox 1270 3541 1272 3547; x_wconf 93' lang='lat'><em>.</em></span> 
     </span>
     <span class='ocr_line' id='line_1_38' title="bbox 218 3558 1396 3631; baseline 0.004 -18"><span class='ocrx_word' id='word_1_336' title='bbox 218 3558 277 3613; x_wconf 82' lang='lat' dir='ltr'><strong>sich</strong></span> <span class='ocrx_word' id='word_1_337' title='bbox 295 3559 342 3614; x_wconf 88' lang='lat' dir='ltr'><strong>bei</strong></span> <span class='ocrx_word' id='word_1_338' title='bbox 361 3561 457 3616; x_wconf 78' lang='lat' dir='ltr'><strong>Cicero</strong></span> <span class='ocrx_word' id='word_1_339' title='bbox 475 3579 528 3616; x_wconf 89' lang='lat' dir='ltr'><strong>nur</strong></span> <span class='ocrx_word' id='word_1_340' title='bbox 545 3563 642 3620; x_wconf 80' lang='lat' dir='ltr'><strong>selten.</strong></span> <span class='ocrx_word' id='word_1_341' title='bbox 864 3561 1007 3631; x_wconf 76' lang='lat' dir='ltr'><strong>sapientis.</strong></span> <span class='ocrx_word' id='word_1_342' title='bbox 1044 3560 1211 3616; x_wconf 87' lang='lat' dir='ltr'><strong>Beiname</strong></span> <span class='ocrx_word' id='word_1_343' title='bbox 1239 3561 1289 3617; x_wconf 90' lang='lat' dir='ltr'><strong>des</strong></span> <span class='ocrx_word' id='word_1_344' title='bbox 1307 3563 1396 3618; x_wconf 83' lang='lat' dir='ltr'><strong>Solon</strong></span> 
     </span>
     <span class='ocr_line' id='line_1_39' title="bbox 251 3627 1464 3699; baseline 0.007 -18"><span class='ocrx_word' id='word_1_345' title='bbox 251 3628 333 3682; x_wconf 86' lang='lat' dir='ltr'><strong>certia</strong></span> <span class='ocrx_word' id='word_1_346' title='bbox 350 3653 384 3674; x_wconf 91' lang='lat'><em>=</em></span> <span class='ocrx_word' id='word_1_347' title='bbox 401 3629 632 3699; x_wconf 76' lang='lat' dir='ltr'><strong>znverltissig,</strong></span> <span class='ocrx_word' id='word_1_348' title='bbox 799 3651 813 3678; x_wconf 78' lang='grc' dir='ltr'><strong>ο</strong></span> <span class='ocrx_word' id='word_1_349' title='bbox 831 3630 873 3684; x_wconf 88' lang='lat' dir='ltr'><strong>als</strong></span> <span class='ocrx_word' id='word_1_350' title='bbox 892 3630 969 3684; x_wconf 88' lang='lat' dir='ltr'><strong>eines</strong></span> <span class='ocrx_word' id='word_1_351' title='bbox 987 3629 1037 3684; x_wconf 86' lang='lat' dir='ltr'><strong>der</strong></span> <span class='ocrx_word' id='word_1_352' title='bbox 1048 3628 1145 3684; x_wconf 84' lang='lat' dir='ltr'><strong>sichen</strong></span> <span class='ocrx_word' id='word_1_353' title='bbox 1156 3627 1285 3693; x_wconf 88' lang='lat' dir='ltr'><strong>Weisen;</strong></span> <span class='ocrx_word' id='word_1_354' title='bbox 1304 3631 1396 3686; x_wconf 85' lang='lat' dir='ltr'><strong>daher</strong></span> <span class='ocrx_word' id='word_1_355' title='bbox 1460 3679 1464 3690; x_wconf 92' lang='lat'>.</span> 
     </span>
     <span class='ocr_line' id='line_1_40' title="bbox 251 3695 1394 3765; baseline 0.007 -19"><span class='ocrx_word' id='word_1_356' title='bbox 251 3696 317 3750; x_wconf 87' lang='lat' dir='ltr'><strong>Iam</strong></span> <span class='ocrx_word' id='word_1_357' title='bbox 341 3698 472 3752; x_wconf 72' lang='lat' dir='ltr'><strong>maiae</strong></span> <span class='ocrx_word' id='word_1_358' title='bbox 527 3698 659 3753; x_wconf 70' lang='lat' dir='ltr'><strong>trutinatio</strong></span> <span class='ocrx_word' id='word_1_359' title='bbox 684 3699 780 3753; x_wconf 83' lang='lat' dir='ltr'><strong>..di-</strong></span> <span class='ocrx_word' id='word_1_360' title='bbox 831 3697 904 3751; x_wconf 90' lang='lat' dir='ltr'><strong>ohne</strong></span> <span class='ocrx_word' id='word_1_361' title='bbox 932 3713 968 3764; x_wconf 85' lang='lat' dir='ltr'><strong>ap</strong></span> <span class='ocrx_word' id='word_1_362' title='bbox 991 3696 1103 3750; x_wconf 84' lang='lat' dir='ltr'><strong>ositives</strong></span> <span class='ocrx_word' id='word_1_363' title='bbox 1126 3695 1292 3751; x_wconf 80' lang='lat' dir='ltr'><strong>Substantiv</strong></span> <span class='ocrx_word' id='word_1_364' title='bbox 1316 3700 1394 3765; x_wconf 82' lang='lat' dir='ltr'><strong>(ciri,</strong></span> 
     </span>
     <span class='ocr_line' id='line_1_41' title="bbox 213 3763 1171 3835; baseline 0.002 -19"><span class='ocrx_word' id='word_1_365' title='bbox 213 3763 340 3832; x_wconf 13' lang='lat' dir='ltr'><strong>taetitia.</strong></span> <span class='ocrx_word' id='word_1_366' title='bbox 382 3763 425 3817; x_wconf 88' lang='lat' dir='ltr'><strong>Im</strong></span> <span class='ocrx_word' id='word_1_367' title='bbox 442 3763 502 3820; x_wconf 87' lang='lat' dir='ltr'><strong>Ver</strong></span> <span class='ocrx_word' id='word_1_368' title='bbox 523 3765 703 3835; x_wconf 81' lang='lat' dir='ltr'><strong>ergeheuden</strong></span> <span class='ocrx_word' id='word_1_369' title='bbox 720 3783 781 3820; x_wconf 84' lang='lat' dir='ltr'><strong>war</strong></span> <span class='ocrx_word' id='word_1_370' title='bbox 830 3765 960 3832; x_wconf 72' lang='lat' dir='ltr'><strong>terminis)</strong></span> <span class='ocrx_word' id='word_1_371' title='bbox 999 3763 1171 3833; x_wconf 80' lang='lat' dir='ltr'><strong>inaugeftigt</strong></span> 
     </span>
     <span class='ocr_line' id='line_1_42' title="bbox 219 3829 1395 3910; baseline 0.004 -27"><span class='ocrx_word' id='word_1_372' title='bbox 219 3829 323 3886; x_wconf 77' lang='lat' dir='ltr'><strong>dmauf</strong></span> <span class='ocrx_word' id='word_1_373' title='bbox 337 3830 541 3900; x_wconf 79' lang='lat' dir='ltr'><strong>hingeiviescn,</strong></span> <span class='ocrx_word' id='word_1_374' title='bbox 565 3834 643 3899; x_wconf 83' lang='lat' dir='ltr'><strong>dass,</strong></span> <span class='ocrx_word' id='word_1_375' title='bbox 662 3833 716 3889; x_wconf 84' lang='lat' dir='ltr'><strong>wie</strong></span> <span class='ocrx_word' id='word_1_376' title='bbox 734 3835 780 3888; x_wconf 88' lang='lat' dir='ltr'><strong>ein</strong></span> <span class='ocrx_word' id='word_1_377' title='bbox 866 3833 994 3902; x_wconf 69' lang='lat' dir='ltr'><strong>cluuiaru.</strong></span> <span class='ocrx_word' id='word_1_378' title='bbox 1012 3831 1039 3888; x_wconf 84' lang='lat' dir='ltr'><strong>S.</strong></span> <span class='ocrx_word' id='word_1_379' title='bbox 1059 3848 1094 3910; x_wconf 74' lang='lat' dir='ltr'><strong>aa</strong></span> <span class='ocrx_word' id='word_1_380' title='bbox 1112 3837 1136 3896; x_wconf 67' lang='grc' dir='ltr'><strong>ἕ.</strong></span> <span class='ocrx_word' id='word_1_381' title='bbox 1150 3836 1190 3884; x_wconf 89' lang='lat'><strong>61.</strong></span> <span class='ocrx_word' id='word_1_382' title='bbox 1210 3862 1243 3872; x_wconf 92' lang='lat'>-</span> <span class='ocrx_word' id='word_1_383' title='bbox 1261 3832 1319 3887; x_wconf 79' lang='lat' dir='ltr'><strong>Das</strong></span> <span class='ocrx_word' id='word_1_384' title='bbox 1330 3833 1395 3888; x_wconf 89' lang='lat' dir='ltr'><strong>hier</strong></span> 
     </span>
     <span class='ocr_line' id='line_1_43' title="bbox 218 3896 1395 3956; baseline 0.005 -6"><span class='ocrx_word' id='word_1_385' title='bbox 218 3896 308 3952; x_wconf 86' lang='lat' dir='ltr'><strong>Schiff</strong></span> <span class='ocrx_word' id='word_1_386' title='bbox 332 3897 404 3953; x_wconf 88' lang='lat' dir='ltr'><strong>oder</strong></span> <span class='ocrx_word' id='word_1_387' title='bbox 430 3899 475 3954; x_wconf 88' lang='lat' dir='ltr'><strong>cin</strong></span> <span class='ocrx_word' id='word_1_388' title='bbox 497 3899 575 3954; x_wconf 84' lang='lat' dir='ltr'><strong>Hans</strong></span> <span class='ocrx_word' id='word_1_389' title='bbox 597 3903 681 3956; x_wconf 85' lang='lat' dir='ltr'><strong>anter</strong></span> <span class='ocrx_word' id='word_1_390' title='bbox 704 3901 780 3956; x_wconf 91' lang='lat' dir='ltr'><strong>allen</strong></span> <span class='ocrx_word' id='word_1_391' title='bbox 832 3901 977 3954; x_wconf 73' lang='lat' dir='ltr'><strong>erwiahnte</strong></span> <span class='ocrx_word' id='word_1_392' title='bbox 1000 3898 1147 3954; x_wconf 80' lang='lat' dir='ltr'><strong>Distichon</strong></span> <span class='ocrx_word' id='word_1_393' title='bbox 1174 3897 1274 3954; x_wconf 76' lang='lat' dir='ltr'><strong>Solone</strong></span> <span class='ocrx_word' id='word_1_394' title='bbox 1300 3901 1395 3956; x_wconf 87' lang='lat' dir='ltr'><strong>lautet</strong></span> 
     </span>
     <span class='ocr_line' id='line_1_44' title="bbox 218 3964 1392 4040; baseline 0.005 -22"><span class='ocrx_word' id='word_1_395' title='bbox 218 3964 393 4020; x_wconf 74' lang='lat' dir='ltr'><strong>Umsttnden</strong></span> <span class='ocrx_word' id='word_1_396' title='bbox 412 3982 459 4020; x_wconf 88' lang='lat' dir='ltr'><strong>am</strong></span> <span class='ocrx_word' id='word_1_397' title='bbox 472 3967 637 4024; x_wconf 85' lang='lat' dir='ltr'><strong>leichtesten</strong></span> <span class='ocrx_word' id='word_1_398' title='bbox 655 3985 709 4023; x_wconf 83' lang='lat' dir='ltr'><strong>ron</strong></span> <span class='ocrx_word' id='word_1_399' title='bbox 728 3969 779 4024; x_wconf 86' lang='lat' dir='ltr'><strong>sei·</strong></span> <span class='ocrx_word' id='word_1_400' title='bbox 832 3967 917 4034; x_wconf 89' lang='lat' dir='ltr'><strong>(Plut.</strong></span> <span class='ocrx_word' id='word_1_401' title='bbox 943 3965 1073 4036; x_wconf 81' lang='lat' dir='ltr'><strong>Compar.</strong></span> <span class='ocrx_word' id='word_1_402' title='bbox 1100 3965 1209 4020; x_wconf 82' lang='lat' dir='ltr'><strong>Solonis</strong></span> <span class='ocrx_word' id='word_1_403' title='bbox 1238 3971 1268 4022; x_wconf 89' lang='lat' dir='ltr'><strong>et</strong></span> <span class='ocrx_word' id='word_1_404' title='bbox 1296 3969 1392 4040; x_wconf 85' lang='lat' dir='ltr'><strong>Popli-</strong></span> 
     </span>
     <span class='ocr_line' id='line_1_45' title="bbox 217 4032 1011 4102; baseline 0.004 -17"><span class='ocrx_word' id='word_1_405' title='bbox 217 4049 282 4087; x_wconf 88' lang='lat' dir='ltr'><strong>nem</strong></span> <span class='ocrx_word' id='word_1_406' title='bbox 300 4032 503 4090; x_wconf 83' lang='lat' dir='ltr'><strong>Werlrmeister</strong></span> <span class='ocrx_word' id='word_1_407' title='bbox 514 4035 620 4090; x_wconf 84' lang='lat' dir='ltr'><strong>wieder</strong></span> <span class='ocrx_word' id='word_1_408' title='bbox 637 4037 689 4092; x_wconf 85' lang='lat' dir='ltr'><strong>anf</strong></span> <span class='ocrx_word' id='word_1_409' title='bbox 707 4035 780 4091; x_wconf 74' lang='lat' dir='ltr'><strong>elbst</strong></span> <span class='ocrx_word' id='word_1_410' title='bbox 830 4035 910 4089; x_wconf 88' lang='lat' dir='ltr'><strong>colae</strong></span> <span class='ocrx_word' id='word_1_411' title='bbox 927 4050 950 4089; x_wconf 90' lang='lat' dir='ltr'><strong>c.</strong></span> <span class='ocrx_word' id='word_1_412' title='bbox 972 4037 1011 4102; x_wconf 88' lang='lat'><strong>1):</strong></span> 
     </span>
     <span class='ocr_line' id='line_1_46' title="bbox 217 4054 1394 4184; baseline 0.004 -31"><span class='ocrx_word' id='word_1_413' title='bbox 217 4100 332 4154; x_wconf 85' lang='lat' dir='ltr'><strong>werden</strong></span> <span class='ocrx_word' id='word_1_414' title='bbox 350 4099 449 4168; x_wconf 69' lang='lat' dir='ltr'><strong>ktnne,</strong></span> <span class='ocrx_word' id='word_1_415' title='bbox 474 4119 504 4157; x_wconf 85' lang='lat' dir='ltr'><strong>so</strong></span> <span class='ocrx_word' id='word_1_416' title='bbox 523 4103 574 4159; x_wconf 88' lang='lat' dir='ltr'><strong>der</strong></span> <span class='ocrx_word' id='word_1_417' title='bbox 592 4054 707 4159; x_wconf 66' lang='lat' dir='ltr'><strong>Menscb</strong></span> <span class='ocrx_word' id='word_1_418' title='bbox 724 4121 779 4159; x_wconf 88' lang='lat' dir='ltr'><strong>von</strong></span> <span class='ocrx_word' id='word_1_419' title='bbox 864 4101 953 4171; x_wconf 63' lang='lat' dir='ltr'><strong>Mati</strong></span> <span class='ocrx_word' id='word_1_420' title='bbox 983 4121 1032 4170; x_wconf 85' lang='grc' dir='ltr'><strong>μοι</strong></span> <span class='ocrx_word' id='word_1_421' title='bbox 1063 4096 1228 4184; x_wconf 55' lang='lat' dir='ltr'><strong>dictaveras</strong></span> <span class='ocrx_word' id='word_1_422' title='bbox 1257 4095 1394 4166; x_wconf 74' lang='grc' dir='ltr'><strong>θάνατος</strong></span> 
     </span>
     <span class='ocr_line' id='line_1_47' title="bbox 219 4165 1393 4241; baseline 0.005 -21"><span class='ocrx_word' id='word_1_423' title='bbox 219 4166 270 4221; x_wconf 87' lang='lat' dir='ltr'><strong>der</strong></span> <span class='ocrx_word' id='word_1_424' title='bbox 292 4167 397 4236; x_wconf 86' lang='lat' dir='ltr'><strong>Natur,</strong></span> <span class='ocrx_word' id='word_1_425' title='bbox 427 4172 464 4224; x_wconf 88' lang='lat' dir='ltr'><strong>da</strong></span> <span class='ocrx_word' id='word_1_426' title='bbox 484 4171 524 4226; x_wconf 79' lang='lat' dir='ltr'><strong>sie</strong></span> <span class='ocrx_word' id='word_1_427' title='bbox 547 4171 596 4228; x_wconf 86' lang='lat' dir='ltr'><strong>ihn</strong></span> <span class='ocrx_word' id='word_1_428' title='bbox 618 4173 649 4241; x_wconf 81' lang='lat' dir='ltr'><strong>ja</strong></span> <span class='ocrx_word' id='word_1_429' title='bbox 670 4188 779 4226; x_wconf 81' lang='lat' dir='ltr'><strong>ausam—</strong></span> <span class='ocrx_word' id='word_1_430' title='bbox 994 4187 996 4192; x_wconf 92' lang='lat'>·</span> <span class='ocrx_word' id='word_1_431' title='bbox 1033 4174 1130 4236; x_wconf 76' lang='grc' dir='ltr'><strong><em>μολοι,</em></strong></span> <span class='ocrx_word' id='word_1_432' title='bbox 1169 4165 1243 4223; x_wconf 73' lang='lat' dir='ltr'><strong>atini</strong></span> <span class='ocrx_word' id='word_1_433' title='bbox 1280 4173 1393 4239; x_wconf 75' lang='grc' dir='ltr'><strong><em>φίλοισι</em></strong></span> 
     </span>
     <span class='ocr_line' id='line_1_48' title="bbox 218 4229 1392 4308; baseline 0.004 -20"><span class='ocrx_word' id='word_1_434' title='bbox 218 4252 283 4290; x_wconf 89' lang='lat' dir='ltr'><strong>men</strong></span> <span class='ocrx_word' id='word_1_435' title='bbox 305 4236 385 4304; x_wconf 80' lang='lat' dir='ltr'><strong>esdgt</strong></span> <span class='ocrx_word' id='word_1_436' title='bbox 413 4237 497 4293; x_wconf 88' lang='lat' dir='ltr'><strong>habe.</strong></span> <span class='ocrx_word' id='word_1_437' title='bbox 546 4238 599 4294; x_wconf 88' lang='lat' dir='ltr'><strong>Die</strong></span> <span class='ocrx_word' id='word_1_438' title='bbox 629 4239 666 4293; x_wconf 81' lang='lat' dir='ltr'><strong>sol</strong></span> <span class='ocrx_word' id='word_1_439' title='bbox 688 4238 780 4293; x_wconf 86' lang='lat' dir='ltr'><strong>enden</strong></span> <span class='ocrx_word' id='word_1_440' title='bbox 864 4238 1059 4308; x_wconf 76' lang='grc' dir='ltr'><strong><em>Καλλείποιμι</em></strong></span> <span class='ocrx_word' id='word_1_441' title='bbox 1087 4231 1190 4290; x_wconf 69' lang='grc' dir='ltr'><strong><em>θανών</em></strong></span> <span class='ocrx_word' id='word_1_442' title='bbox 1220 4229 1311 4308; x_wconf 73' lang='grc' dir='ltr'><strong><em>ἄλγεα</em></strong></span> <span class='ocrx_word' id='word_1_443' title='bbox 1340 4240 1392 4294; x_wconf 76' lang='grc' dir='ltr'><strong>καὶ</strong></span> 
     </span>
     <span class='ocr_line' id='line_1_49' title="bbox 218 4300 1217 4372; baseline 0.002 -16"><span class='ocrx_word' id='word_1_444' title='bbox 218 4300 274 4356; x_wconf 90' lang='lat' dir='ltr'><strong>Wo</strong></span> <span class='ocrx_word' id='word_1_445' title='bbox 304 4303 429 4360; x_wconf 87' lang='lat' dir='ltr'><strong>ehebcn</strong></span> <span class='ocrx_word' id='word_1_446' title='bbox 445 4323 503 4361; x_wconf 88' lang='lat' dir='ltr'><strong>nun</strong></span> <span class='ocrx_word' id='word_1_447' title='bbox 520 4306 594 4360; x_wconf 91' lang='lat' dir='ltr'><strong>noch</strong></span> <span class='ocrx_word' id='word_1_448' title='bbox 610 4305 666 4360; x_wconf 90' lang='lat' dir='ltr'><strong>den</strong></span> <span class='ocrx_word' id='word_1_449' title='bbox 699 4321 780 4361; x_wconf 88' lang='lat' dir='ltr'><strong>eson-</strong></span> <span class='ocrx_word' id='word_1_450' title='bbox 1034 4302 1184 4372; x_wconf 72' lang='grc' dir='ltr'><strong><em>στοναχάς.</em></strong></span> <span class='ocrx_word' id='word_1_451' title='bbox 1213 4329 1217 4334; x_wconf 65' lang='grc'>’</span> 
     </span>
     <span class='ocr_line' id='line_1_50' title="bbox 219 4369 1393 4442; baseline 0.003 -20"><span class='ocrx_word' id='word_1_452' title='bbox 219 4369 305 4425; x_wconf 86' lang='lat' dir='ltr'><strong>deren</strong></span> <span class='ocrx_word' id='word_1_453' title='bbox 322 4370 459 4426; x_wconf 85' lang='lat' dir='ltr'><strong>Umstand</strong></span> <span class='ocrx_word' id='word_1_454' title='bbox 476 4373 589 4440; x_wconf 87' lang='lat' dir='ltr'><strong>hervor,</strong></span> <span class='ocrx_word' id='word_1_455' title='bbox 606 4372 681 4440; x_wconf 81' lang='lat' dir='ltr'><strong>dass,</strong></span> <span class='ocrx_word' id='word_1_456' title='bbox 697 4389 780 4427; x_wconf 83' lang='lat' dir='ltr'><strong>wenn</strong></span> <span class='ocrx_word' id='word_1_457' title='bbox 864 4387 952 4438; x_wconf 79' lang='lat' dir='ltr'><strong>auam,</strong></span> <span class='ocrx_word' id='word_1_458' title='bbox 969 4370 1203 4440; x_wconf 84' lang='lat' dir='ltr'><strong>hervorgehobcn</strong></span> <span class='ocrx_word' id='word_1_459' title='bbox 1222 4371 1261 4424; x_wconf 90' lang='lat' dir='ltr'><strong>im</strong></span> <span class='ocrx_word' id='word_1_460' title='bbox 1279 4371 1393 4442; x_wconf 78' lang='lat' dir='ltr'><strong>Gegan-</strong></span> 
     </span>
    </p>
   </div>
   <div class='ocr_carea' id='block_1_4' title="bbox 0 0 1518 4876">
    <p class='ocr_par' dir='ltr' id='par_1_4' title="bbox 0 0 1518 4876">
     <span class='ocr_line' id='line_1_51' title="bbox 0 0 1518 4876; baseline 0 2"><span class='ocrx_word' id='word_1_461' title='bbox 0 0 1518 4876; x_wconf 95' lang='lat' dir='ltr'><strong> </strong></span> 
     </span>
    </p>
   </div>
  </div>
 </body>
</html>
